2896 4960
501 343 538 385 ns
554 337 643 384 trusi
658 342 794 386 unnotco.
1104 279 1106 289 v
1145 300 1206 390 '103

109 511 238 580 semper
253 503 446 576 usmpatam,
468 493 524 558 sed
538 497 598 574 ita,
619 504 653 557 ut
667 461 761 557 simul
777 513 838 558 una
855 495 894 558 de
910 495 1034 560 duabus
1049 499 1204 579 prioribus

108 601 333 674 adhiberetur;
360 613 453 679 saepe
467 607 570 661 autem
586 599 678 660 etiam
695 617 712 659 a
728 599 836 662 ceteris
852 601 967 680 poetis,
996 599 1050 664 ubi
1064 611 1136 684 apta
1153 605 1205 664 vi-
1266 635 1269 643 ν
1320 580 1324 590 ’

104 704 258 782 deretur,
290 701 468 765 admissam.
508 702 703 782 Omninoque
726 703 872 766 uirtutem
893 699 1038 784 longioris
1061 709 1206 770 carminis

103 809 139 870 in
154 809 312 870 varietate
326 817 525 870 caesurarum
539 813 611 885 apte
626 814 794 888 temperata
810 807 903 887 cerni,
928 823 1084 889 saepeque
1099 812 1205 892 plures

103 931 176 973 uno
201 913 237 973 in
258 923 354 972 versu
373 911 449 974 lieri.
487 911 627 984 Quarum
649 925 722 990 cac,
747 925 829 990 queo
849 911 882 972 in
903 911 964 972 arsi
986 911 1082 992 liunt,
1108 916 1206 996 magis

103 1014 271 1080 mascrdae
295 1022 386 1078 sunt:
414 1029 529 1094 easque
547 1013 580 1074 in
601 1014 801 1092 universum,
828 1013 888 1076 nisi
910 1013 966 1076 uhi
995 1013 1086 1077 molle
1108 1032 1207 1098 argu-

103 1127 256 1182 mentum
279 1117 432 1196 obstaret,
462 1116 495 1178 in
516 1118 601 1198 poesi
623 1117 737 1179 Graeca
759 1127 859 1198 usque
882 1114 922 1178 ad
943 1119 1086 1180 Nonnum
1109 1138 1205 1198 prae-

102 1223 190 1284 latas
212 1220 376 1284 videmus:
410 1219 528 1298 Nonne,
557 1229 590 1282 et
614 1222 669 1302 qui
696 1217 841 1301 deinceps
864 1222 961 1284 secuti
981 1230 1056 1284 suut
1082 1233 1200 1303 poetae,

105 1325 272 1387 molliores
286 1325 378 1402 istae,
405 1341 485 1404 quae
506 1325 539 1386 in
554 1325 695 1386 trochaeo
711 1325 806 1402 liunt,
832 1323 941 1387 ultima
957 1323 1070 1405 dactyli
1085 1325 1205 1405 syllaba

108 1428 262 1510 sequenti
277 1427 417 1490 membro
432 1427 553 1508 relicu,
572 1429 670 1509 magis
684 1427 839 1510 placuere,
858 1427 1036 1490 coniunctae
1051 1440 1124 1492 oum
1138 1429 1206 1492 fre-

112 1533 224 1616 queuti
239 1551 302 1595 usu
317 1529 525 1612 dactylorum,
548 1524 633 1592 unde
653 1549 763 1612 magna
783 1533 921 1594 nascitur
942 1533 1065 1594 numeri
1078 1533 1207 1597 volubi—

116 1637 194 1698 litas.
245 1637 367 1700 Dictum
389 1653 425 1696 ea
447 1631 487 1698 de
509 1652 543 1696 re
564 1635 597 1696 in
619 1632 694 1698 diss.
721 1632 760 1699 de
782 1643 880 1698 aetate
903 1635 1018 1716 Orphei
1039 1636 1206 1718 Argonau-

115 1741 257 1802 ticorum.
304 1738 456 1818 Deinceps
477 1738 530 1800 alii
552 1739 724 1802 accuratius
753 1739 966 1802 severissimas
988 1739 1089 1805 Nonui
1115 1743 1206 1805 eius-

113 1863 177 1924 que
199 1849 386 1906 sectatorum
415 1841 499 1923 leges
530 1841 671 1902 metricas
701 1849 908 1922 aperuerunt:
948 1842 1144 1908 Wernioltius
1174 1849 1204 1910 in

119 1945 367 2008 adnotationibus
390 1944 431 2008 ad
452 1941 716 2028 Tryphiodorum,
742 1945 776 2006 C.
796 1944 891 2006 Lehrs
915 1945 946 2006 in
965 1948 1206 2020 Quaestionibus

7 2094 18 2112 ,,
124 2050 229 2129 epicis,
246 2051 301 2131 qui
316 2050 409 2112 etiam
425 2048 465 2111 de
480 2049 690 2130 Oppianorum
706 2046 894 2110 carminibus
910 2047 1089 2132 disputavit,
1109 2054 1206 2116 stru-'-

7 2183 12 2236 j.
124 2153 239 2216 viusin
263 2152 478 2216 dissertatione
500 2151 539 2214 de
560 2152 646 2215 exitu
665 2169 814 2234 versuum
837 2153 869 2212 iu
891 2152 990 2214 Nonni
1015 2156 1204 2220 carminibus

7 2302 16 2312 .
118 2253 197 2320 edita
211 2255 386 2338 Regimonti
401 2273 428 2316 a.
451 2256 544 2317 t83t.
575 2248 619 2316 hc
633 2255 732 2321 Ncnni
755 2254 882 2334 quidem
906 2255 1070 2338 illaquam
1093 2260 1125 2321 in
1140 2261 1206 2324 aliis

114 2359 210 2423 rebus
225 2361 386 2440 severitas,
408 2367 476 2420 tum
491 2360 523 2420 in
537 2378 591 2438 eo,
610 2356 694 2438 quod
708 2375 770 2420 non
785 2356 863 2421 duos
879 2361 1039 2424 continuos
1053 2362 1208 2444 spondeos

8 2519 15 2532 ,,
112 2465 236 2545 posuit,
256 2479 403 2525 numeros
426 2461 525 2524 effecit
539 2462 672 2523 maxima
685 2457 875 2526 volubilitate
891 2472 923 2525 et
936 2461 1089 2527 celeritate
1101 2459 1206 2528 fluen-

5 2619 6 2622 ,
112 2579 176 2647 tes,
204 2585 242 2628 eo
264 2568 333 2647 ipso
355 2573 459 2628 autem
482 2571 545 2626 tam
567 2565 647 2626 inter
667 2583 701 2626 se
723 2565 856 2644 similes,
883 2573 919 2628 ut
940 2567 1119 2630 recitantem
1145 2589 1206 2633 non

6 2721 12 2728 ,,
112 2671 284 2734 consistere
299 2671 420 2748 sinant,
446 2667 501 2731 sed
525 2669 646 2749 rapiant
667 2685 773 2730 secum
788 2677 882 2748 atque
897 2667 1053 2749 auferant,
1079 2683 1207 2754 pereat-

5 2825 8 2849 ,
114 2795 176 2856 que
191 2772 245 2835 illa
257 2769 414 2854 praeclara
425 2785 624 2834 numerorum
640 2771 783 2852 varietas,
798 2791 893 2853 quam
908 2773 940 2835 in
952 2774 1119 2838 Homericis
1134 2795 1207 2840 car-

6 2930 10 2966 .
110 2877 253 2941 minibus
269 2876 469 2939 admiramur.

5 2973 6 2987 ¹
202 2977 305 3041 Etiam
334 2975 532 3041 Alexandrini
570 2987 678 3060 poetae
709 2981 854 3060 singulari
885 2980 1020 3062 quadam
1051 2981 1205 3065 diligentia

112 3101 263 3148 numeros
293 3083 405 3145 heroici
434 3101 543 3144 versus
573 3081 789 3148 elaborarunt:
822 3102 955 3165 quorum
986 3083 1025 3147 de
1048 3079 1207 3167 Apollonio

9 3243 11 3248 ,
115 3188 237 3252 Rhodio
260 3186 408 3250 disseruit
429 3187 464 3248 ll.
483 3185 612 3266 Merkel,
642 3188 730 3249 cuius
757 3187 931 3250 dissertatio
952 3187 1010 3250 hoo
1038 3191 1105 3270 ipso
1126 3210 1207 3256 anno

4 3347 8 3382 :
115 3291 319 3375 Magdeburgl
346 3289 428 3352 edita
448 3291 594 3372 inscripta
617 3299 665 3352 est
687 3311 730 3352 zo
749 3291 927 3372 Apollonios
949 3289 1089 3355 Rhodios.
1129 3297 1209 3360 Sunt

116 3409 222 3462 tamen
237 3397 269 3458 in
284 3395 342 3456 hoc
355 3413 466 3475 genere
481 3393 646 3472 nonnulla,
670 3412 749 3473 quae
771 3413 833 3455 uon
855 3402 918 3456 tam
939 3393 1109 3458 secundum
1125 3409 1207 3463 certa

115 3507 291 3582 praecepta,
307 3515 402 3578 quam
417 3515 513 3560 sensu
524 3490 659 3576 quodam
670 3495 817 3559 admoniti
831 3495 939 3586 iecisse
951 3507 1058 3576 poetae
1071 3499 1205 3566 videm-

117 3614 177 3668 tur.
205 3605 309 3676 Quare
321 3599 411 3664 modo
422 3599 614 3662 admiserunt
627 3598 755 3680 aliquid,
772 3597 862 3662 modo
874 3593 1086 3684 repudiarunt,
1101 3609 1204 3686 prouti

68 3781 71 3790 ¹
117 3718 226 3790 aptum
242 3715 373 3769 autnon
387 3713 495 3786 aptum
508 3703 677 3767 videretur.
711 3702 802 3777 Quod
816 3721 872 3766 cur
886 3704 927 3766 ita
943 3705 1045 3768 visum
1061 3709 1110 3790 sit,
1129 3729 1207 3791 pro-

117 3814 184 3893 pria
200 3811 352 3890 cuiusque
367 3806 424 3870 loci
439 3809 555 3872 ratione
571 3803 791 3871 consideranda
806 3805 976 3890 apparebit.

205 3916 249 3976 De
270 3915 384 3988 Quinto
406 3915 575 3996 Smyrnaeo
599 3911 680 3978 dicet
699 3912 731 3974 in
754 3912 1046 3980 Posthomericorum
1076 3913 1207 3981 editiom
1229 3929 1235 3936 ·

117 4019 203 4085 Arm.
223 4018 367 4099 Koechly.
