2896 4960
420 371 456 412 or
472 370 605 414 rrnsravs
622 369 791 414 circorrrs.
1093 351 1155 412 175
1209 359 1213 368 ’

60 523 217 606 Apparet,
245 525 303 586 hoc
318 543 416 604 genus
433 541 578 586 versuum
594 525 685 586 ctiam
705 521 917 584 dochmiacum
937 520 1036 586 videri
1049 541 1151 604 possa.

60 630 129 690 Non
146 629 260 708 poterit
274 637 389 707 autem,
405 628 430 688 si
447 628 627 688 commutari
643 629 743 706 potuit
757 645 825 687 oum
842 625 936 686 altera
951 625 1059 705 formo,
1076 645 1155 706 quae

60 741 109 793 est
125 733 160 792 in
176 731 224 792 his
240 731 346 812 Eurip.
366 730 475 810 Suppl.
496 732 568 792 960.
590 732 663 792 968.

152 861 297 944 ἆυςαλων
319 859 350 931 δ’
374 859 393 931 ὁ
414 860 501 951 βίος,

152 961 221 1035 oiic’
244 967 279 1035 ἐν
299 971 374 1048 τοῖς
395 966 589 1060 φθιμένοις.

58 1116 92 1174 ln
116 1111 230 1173 Bacch.
251 1112 323 1172 8o3.
344 1113 416 1174 883.
444 1129 575 1190 quorum
600 1112 631 1171 in
654 1112 747 1191 priori
774 1102 824 1184 εἷς
846 1102 972 1194 αἰθέρα
995 1106 1154 1196 δροσερὸν

59 1218 186 1294 legitur,
207 1213 422 1276 scribendum:

134 1343 264 1436 ἀἰθέρ’
289 1346 324 1426 ἒς
346 1345 514 1436 δρασερόν.

150 1449 229 1531 τούς
249 1445 278 1518 τ’
302 1445 548 1540 ἀγνωμοσύναν.

150 1718 174 1799 5
190 1715 269 1782 479.
296 1688 412 1779 Dcinde
429 1719 570 1782 anacrusi
585 1738 641 1799 pro
656 1717 722 1781 basi
738 1721 855 1802 posita:

149 1870 264 1920 ῡιῡῡ-
294 1869 343 1918 ῡι
359 1883 390 1936 er
404 1840 498 1920 ια’-ω
528 1874 635 1920 :coco

61 2016 138 2075 Nam
156 2015 213 2076 has
230 2013 354 2094 iomar,
377 2016 435 2075 etsi
451 2022 533 2075 certa
549 2013 690 2094 exempla
706 2033 768 2076 non
784 2015 903 2076 suntin
920 2023 1075 2094 promptu,
1098 2033 1153 2076 rc—

61 2116 217 2198 sponderc
233 2118 291 2179 sibi
307 2136 407 2202 posse,
427 2118 564 2198 analogia
580 2117 724 2198 postulat.
751 2117 784 2178 ln
801 2117 975 2179 catalectico
990 2128 1110 2180 autern:

61 2381 158 2461 Soph.
178 2377 256 2441 Oed.
277 2379 312 2440 Ii.
335 2382 406 2442 467.

148 2511 222 2601 ὥρα
245 2539 296 2579 νιν
317 2507 489 2580 ἆελλάδων
542 2601 544 2608 y

150 2618 270 2684 ἳππων
292 2615 543 2704 concoctum

195 2728 286 2812 φυγᾷ
308 2719 400 2790 πόδα
423 2727 544 2810 νωμᾷν.

61 2866 100 2927 Et
115 2868 148 2926 in
165 2865 373 2946 antistropha:

150 3004 258 3090 φοιτᾷ
279 2997 341 3087 γὰρ
362 2993 421 3065 ὕπ’
445 2993 564 3088 ἆγρλαν

148 3101 234 3170 ὕλαν
258 3098 321 3169 ἀνά
341 3097 370 3170 τ’
395 3095 498 3192 ὄὶντρα
520 3103 579 3170 καὶ

193 3209 357 3295 atrocior
378 3203 396 3274 ὁ
419 3213 551 3305 ταῦρρς.

61 3351 99 3413 Et
114 3354 147 3414 in
163 3348 257 3413 Aiace
271 3371 302 3414 v.
325 3353 418 3412 4487.
440 3353 493 3431 qui
510 3369 619 3414 versus
635 3349 679 3413 sic
694 3349 849 3412 scribendi
865 3350 1026 3412 videntur:

149 3481 382 3575 δορυσσαήτων

148 3586 290 3674 μόχθων
313 3580 397 3656 ὅταν
419 3586 553 3675 ἐπάγων

149 3686 198 3759 ἄν’
222 3687 391 3782 εὖρυιίλαα
417 3690 560 3782 Τρωΐαν.

64 3833 262 3916 antistropha
273 3858 279 3896 :

150 3965 276 4050 ἔδειξαν
297 3963 412 4035 ὅπλων

141 4067 300 4140 Ἕλλασιν
321 4070 434 4139 κοινὸν
453 4065 549 4162 Ἄρη·

151 4169 192 4240 ἰὼ
213 4173 317 4243 πόνοι
339 4172 505 4266 πρόγονοι
527 4171 649 4244 πόνων.
