2922 4948
349 374 386 418 nr
402 371 541 416 srnornrs
558 374 654 416 rrnrn
671 375 706 416 er
722 373 826 426 ornari
844 373 975 416 cananis.
1146 352 1207 415 217
1293 351 1298 360 '

206 517 279 588 ἀλλ’
304 519 354 591 ἔτι
375 529 431 589 νῦν
453 519 480 612 y'
504 517 648 612 άπυρος·
671 520 756 606 τάχα
780 520 818 590 δὲ
839 521 943 602 πλέος

250 623 370 709 ἔτνεος,
394 617 505 696 elev
491 651 509 694 o
532 623 721 718 παμφάγος
741 623 886 711 Αλκμάν

206 727 340 820 ἠράσθη
361 729 492 818 χλιερὸν
513 730 602 798 πέδα
623 729 682 803 τὰς
703 727 841 818 τροπάς.

249 828 324 902 ούτι
346 833 407 956 γὰρ
430 830 468 901 ού
490 832 528 901 τὸ
551 832 745 922 τετυγμένον
768 831 877 916 ἔσθει,

143 941 145 946 ’
249 935 335 1004 ἀλλὰ
357 937 400 1005 τά
422 935 517 1006 κοινὰ
540 931 613 1026 γάρ,
636 935 746 1028 ὥςπερ
767 933 786 1004 d
810 939 915 1022 δᾶμος

208 1039 348 1128 ζατεύει.

114 1173 204 1243 Quae
231 1169 355 1249 stropha
382 1176 487 1232 utrum
516 1189 555 1230 ex
578 1177 695 1250 septem
718 1168 863 1232 versibus
890 1170 1075 1248 constiterit,
1106 1170 1146 1229 ita
1175 1181 1209 1230 nt

77 1328 86 1344 ,
117 1274 214 1335 verbo
238 1265 367 1352 ζατεύει
386 1271 444 1335 alia
467 1273 592 1352 stropha
615 1273 757 1355 incipiat,
783 1293 823 1334 an
839 1281 904 1334 octo
920 1272 1063 1335 habuerit
1085 1291 1203 1350 versuS,

115 1397 252 1458 quorum
269 1368 397 1439 octavus
412 1385 494 1439 esset
510 1378 660 1455 heroicus,
687 1378 838 1439 incertum
854 1386 911 1456 est,
933 1375 1086 1457 siquidem
1103 1377 1134 1436 in
1150 1375 1208 1436 alio
1270 1439 1274 1447 ,

115 1483 210 1544 huius
234 1481 378 1542 carminis
400 1482 528 1543 metrive
551 1482 723 1562 fragmento
749 1482 876 1543 ultimus
903 1481 953 1542 ille
978 1498 1086 1542 vorsus
1109 1499 1207 1560 aeque

116 1587 297 1647 hexameter
312 1605 398 1663 esse,
425 1603 461 1645 ac
484 1595 662 1647 tetrameter
675 1605 746 1648 cum
762 1593 849 1667 parte
865 1586 1024 1664 sequentis
1041 1584 1207 1645 catalectici

114 1698 228 1769 potest.
270 1688 304 1751 ld
334 1689 539 1770 fragmentum
569 1689 725 1752 invenitur
755 1707 785 1768 p.
816 1689 863 1751 ll.
897 1708 937 1750 ex
966 1686 1123 1751 Athenaeo
1154 1689 1203 1750 lll.

113 1815 145 1875 p.
170 1794 242 1854 498.
264 1795 294 1854 F.

205 1906 351 1976 πολλάκι
372 1904 403 1975 δ’
427 1907 461 1978 ἐν
483 1913 650 2001 κορυφαῖς
672 1903 785 1999 ὀρέων,
810 1907 873 1977 ύκα

247 2016 382 2081 θεοῖσιν
403 2007 468 2104 dep
491 2012 687 2106 πολύφανος
708 2010 820 2101 ἑορτά,

204 2116 342 2206 χρύσεον
365 2109 466 2206 άγμος
487 2113 614 2202 ἔχοισα,
636 2115 740 2204 μέγαν
762 2114 902 2207 σκύφον,

247 2209 304 2288 οἷά
326 2247 363 2289 τε
385 2219 543 2306 ποιμένες
564 2215 683 2309 ἄνδρες
706 2217 847 2305 ἔχουσιν,

245 2324 338 2412 χερσὶ
360 2321 510 2394 λεόντεον
532 2321 567 2392 ἓν
587 2324 671 2413 μάλα
693 2329 809 2408 θεῖσα,

203 2428 301 2518 τορὸν
325 2424 483 2519 ἐτύρησας
503 2427 606 2516 μέγαν
628 2421 777 2519 άτρυφον
799 2425 965 2519 άρμύφεόν
988 2454 1032 2496 τε.

114 2559 287 2636 Vtrumque
310 2554 518 2636 fragmentum
540 2555 585 2616 sic
607 2552 805 2617 emendatum
828 2553 899 2616 dedi
921 2556 951 2616 in
976 2555 1056 2616 Diar.
1077 2555 1133 2616 litt.
1154 2558 1206 2617 le-

115 2679 205 2724 nens.
232 2663 320 2722 tstc.
342 2679 382 2720 m.
401 2657 532 2740 August.
555 2678 586 2719 n.
609 2658 678 2720 t55.

200 2888 323 2975 5595.
360 2892 538 2980 Alcmanem
559 2893 742 2972 Hephaestio
764 2913 795 2974 p.
817 2891 856 2953 tt
878 2893 989 2975 (l3l.).
1016 2897 1107 2956 etiam
1132 2915 1205 2957 rar-

115 3001 197 3060 mina
214 3017 253 3058 ex
269 2995 513 3076 quattuordecim
529 2997 662 3077 strophis
678 2997 838 3076 scripsisse
853 2998 911 3077 ait,
936 3017 1069 3078 quarum
1085 3009 1213 3082 septem

114 3103 299 3186 posteriores
315 3100 373 3162 alio
389 3108 486 3161 metro
501 3109 616 3179 essent,
636 3119 730 3181 quam
745 3101 872 3181 priores.

200 3331 316 3417 ξ596.
351 3333 450 3396 Simili
466 3333 557 3396 modo
572 3343 680 3415 poetae
695 3333 844 3413 bucolici,
870 3343 1003 3398 metrum
1020 3336 1147 3416 quidem
1163 3339 1206 3398 illi

112 3441 197 3502 idem
214 3449 390 3517 servanteS,
415 3437 472 3500 sed
488 3439 642 3500 variantes
657 3439 689 3499 in
705 3437 896 3518 longitudine
912 3439 1122 3519 stropharum,
1142 3442 1204 3501 ali-

112 3554 190 3625 quot
212 3543 346 3622 strophis
372 3563 411 3603 ex
437 3552 519 3604 certo
539 3560 689 3603 versuum
711 3561 840 3604 numero
866 3543 1040 3622 compositis
1063 3544 1138 3606 alias
1167 3563 1206 3605 ox

114 3648 258 3730 pluribus
276 3647 324 3708 vel
340 3645 539 3724 paucioribus
554 3644 698 3708 versibus
714 3646 808 3708 lactas
824 3643 1004 3727 subiiciunt,
1023 3665 1104 3727 quae
1121 3667 1205 3710 nunc
1315 3726 1319 3734 Ι

114 3771 209 3814 versu
224 3751 411 3828 intercalari,
439 3751 492 3829 qui
509 3757 652 3827 vocatur,
678 3749 760 3810 utin
775 3750 875 3829 primo
895 3758 927 3811 et
947 3749 1085 3814 secundo
1101 3750 1205 3812 Theo-

114 3857 181 3917 criti
202 3853 353 3933 carmine,
380 3854 576 3915 nuncetiam
599 3852 659 3912 fine
675 3853 834 3932 orationis,
863 3854 944 3916 utin
960 3855 1063 3933 tertio,
1089 3848 1222 3916 distin?

113 3967 263 4040 guantur.
297 3957 353 4018 Sic·
369 3958 400 4018 in
417 3954 554 4019 secundo
570 3957 706 4018 carmine
727 3964 793 4026 octo
816 3958 957 4038 strophas
973 3960 1111 4038 quinque
1128 3977 1204 4018 ver-

113 4082 206 4126 suum
223 4069 399 4140 sequuntur
413 4059 561 4122 tredecim
577 4059 719 4139 strophae
735 4079 791 4122 sex
807 4077 964 4122 versuum.
997 4061 1091 4140 Magis
1107 4063 1206 4122 variat

115 4181 264 4230 numerus
286 4181 433 4225 versuum
456 4165 486 4224 in
508 4164 607 4243 primo
628 4165 780 4243 carmine,
806 4163 951 4228 turbatus
968 4164 1033 4242 ille,
1060 4172 1095 4225 ut
1110 4164 1204 4225 vido-

114 4280 180 4349 tur,
206 4269 238 4328 in
254 4266 445 4348 quibusdam
461 4267 594 4347 strophis
610 4265 804 4330 librariorum
827 4267 928 4349 culpa.
963 4268 997 4330 ln
1021 4268 1108 4330 tertio
1131 4287 1204 4330 car-
