2922 4948
388 342 424 384 nn
441 341 614 384 srsrrnsrrs
629 339 935 383 tnrtsruorrtrcouvn.
1149 323 1207 384 251

112 497 195 576 quia
218 496 375 575 ancillam,
406 497 546 558 nuntiata
569 515 620 576 re,
650 503 750 556 tacere
772 493 989 558 conveniebat:
1020 494 1104 557 unde
1130 496 1213 557 vices

112 601 188 662 cius
204 599 295 662 aliam
312 617 475 680 personam
490 599 597 662 subire
617 619 744 660 necesse
767 609 823 660 est.
858 599 920 660 Sed
941 618 977 660 ea
1000 617 1032 660 re
1048 600 1106 661 alio
1122 598 1213 660 modo

114 704 295 764 restituitur
310 704 480 784 aequalitas
496 701 660 784 quaedam.
694 704 782 766 Nunc
802 703 884 765 enirn
908 703 1047 783 singulae
1062 721 1212 785 personae

115 817 184 868 tres
208 801 325 868 habent
346 809 510 870 trimetros.
548 810 675 870 Constat
697 816 800 869 autem
824 826 948 868 carmen
974 826 1014 868 ex
1039 805 1155 888 proodo
1181 816 1214 869 et

113 911 359 992 antistrophicis,
379 895 495 992 quibus
511 920 574 972 tres
590 912 722 973 insertae
739 920 813 974 sunt
828 909 955 990 mcsodi,
974 911 1032 972 hoo
1046 909 1154 973 modo:

209 1023 1208 1116 mmspatmmmmsapsrs

210 1235 333 1320 §693.
375 1241 531 1303 Praeterea
560 1259 633 1303 vero
659 1241 779 1320 tragici,
809 1259 870 1302 non
898 1241 988 1301 etiam
1017 1240 1121 1319 lyrici,
1155 1241 1213 1302 alio

117 1347 215 1406 etiam
243 1344 333 1406 modo
363 1345 580 1426 aequalitatem
610 1344 778 1424 quamdam
809 1345 1016 1426 responsionis
1047 1346 1213 1406 consectati

118 1457 214 1527 sunt,
242 1468 339 1528 quum
363 1467 456 1530 saepe
476 1450 507 1510 in
530 1447 637 1512 eodem
660 1456 691 1509 et
710 1449 854 1530 strophae
875 1456 905 1510 et
925 1448 1132 1527 antistrophae
1150 1448 1213 1509 loco

120 1552 205 1614 idern
233 1553 279 1613 vel
301 1552 400 1614 simile
423 1552 553 1615 verbum
577 1562 765 1634 posuerunt,
796 1551 1038 1633 quodomnium
1063 1551 1214 1632 frequen-

121 1657 242 1718 tissime
266 1655 379 1719 lactum
402 1664 450 1717 est
473 1657 503 1716 in
527 1655 805 1734 interiectionibus3
840 1656 889 1718 vel
919 1676 1016 1737 quum
1040 1657 1215 1718 iterationes
1283 1717 1287 1734 ,

122 1761 293 1822 verborum
315 1761 430 1822 similes
453 1759 563 1823 iisdem
585 1761 615 1822 iu
639 1759 712 1822 locis
728 1756 948 1824 adhibuerunt.
984 1762 1027 1822 lta
1043 1757 1215 1842 Aeschylus

123 1867 154 1925 in
172 1865 270 1926 Persis
286 1883 383 1945 quum
406 1883 435 1925 v.
456 1863 528 1926 sto.
549 1873 611 1926 tres
628 1882 736 1926 versus
752 1865 874 1925 nourine
890 1857 1016 1948 Ξέρξης
1038 1865 1211 1945 incepisset,

123 1989 177 2030 ecs
194 1977 267 2046 tres,
286 1968 339 2049 qui
356 1968 403 2030 his
419 1968 450 2030 in
466 1967 655 2048 antistropha
674 1966 868 2049 respondent,
887 1967 982 2029 verbo
998 1968 1074 2042 νᾶες
1090 1969 1211 2048 incepit.

123 2075 163 2134 Et
178 2090 276 2154 quum
293 2073 324 2134 in
340 2071 448 2134 eadem
465 2071 570 2134 labula
591 2092 620 2132 v.
643 2073 713 2132 tat.
733 2072 903 2152 posuisset:

215 2183 391 2268 Ἀϊδωνεὺς
412 2184 442 2256 δ)
465 2183 670 2272 ἀναπομπὸς
692 2181 814 2277 ἀνείης,

215 2287 402 2371 Ἀϊδωνεύς.

123 2419 157 2480 in
172 2417 363 2499 antistropha
379 2417 518 2480 similiter
532 2420 671 2500 scripsit:

211 2531 410 2625 θεομήστωρ
432 2530 463 2602 δ’
486 2531 695 2624 ἐκικλήσκετο
718 2531 877 2622 Πέρσαις,

212 2639 419 2729 θεομήστωρ.

212 2863 334 2950 5694.
371 2868 520 2948 Exemplo
544 2877 703 2930 accuratae
729 2868 934 2948 responsionis
957 2869 997 2928 sit
1018 2876 1116 2930 totum
1138 2868 1216 2930 illud
1240 2848 1249 2870 ⁵

121 2989 249 3036 'carmen
273 2974 304 3032 in
328 2971 514 3052 Ghoephoris
536 2993 554 3033 a
577 2993 608 3033 v.
629 2972 701 3034 :th.
729 2973 760 3033 in
786 2990 848 3052 quo
869 2971 895 3034 si
919 2972 949 3032 in
972 2973 1161 3051 antistropha
1185 2965 1213 3057 η’
1323 2954 1331 2970 ’

125 3076 207 3139 laedi
233 3077 402 3156 aequalitas
428 3074 567 3156 videtur,
597 3086 645 3139 est
667 3074 744 3138 illud
766 3097 802 3137 ea
825 3095 934 3138 caussa
958 3077 1090 3155 lactum,
1121 3094 1213 3154 quam

125 3180 143 3264 ξ
162 3184 234 3241 691.
254 3179 398 3242 indicavi.
434 3179 531 3261 ldque
553 3182 640 3244 uncis
662 3180 782 3244 incluso
805 3179 888 3242 chori
910 3181 1033 3242 nomino
1057 3180 1216 3258 significa-

127 3304 207 3346 mus.
241 3286 297 3346 Est
311 3285 404 3364 igitur
417 3285 493 3345 haec
507 3286 650 3346 carminis
672 3284 753 3345 illius
770 3282 948 3364 descriptio,
975 3291 1121 3362 quattuor
1136 3301 1216 3343 con-

127 3389 252 3450 tinentis
269 3388 464 3469 stropharum
481 3397 659 3471 systemata.

214 3502 256 3571 α’.
284 3511 418 3571 Orestes.

213 3606 254 3692 ll.
283 3613 410 3676 Chorus.

214 3710 256 3780 α’.
284 3718 414 3779 Electra.

214 3823 253 3904 y'.
285 3821 421 3884 Chorus:
440 3822 608 3902 anapaesti.

215 3918 254 3986 δ’.
285 3926 419 3986 Orestes.

213 4021 255 4108 β’.
283 4028 411 4091 Chorus.

215 4126 254 4194 δ’.
282 4134 412 4194 Electra.

214 4227 376 4319 μεσῳδός.
403 4234 537 4296 Chorus:
560 4236 726 4316 anapaesti.
