2922 4948
285 359 347 421 236
678 375 734 418 nin.
755 377 799 418 ru.
830 378 893 418 cnr.
913 371 970 419 mx.

370 526 485 610 5637.
512 531 619 611 Neque
633 549 713 610 quae
736 525 779 606 ἐξ
799 521 958 610 ὁμοίων
983 531 1130 594 dicuntur
1148 531 1187 594 ad
1202 533 1284 592 hane
1298 533 1361 610 qui-

285 635 356 697 dem
373 636 567 716 partitionem
582 634 795 716 pertinebant,
822 643 857 697 ut
872 637 904 696 in
920 635 1036 716 quibus
1052 655 1112 698 non
1128 636 1360 716 comparationes

284 747 505 818 systematum,
532 737 589 800 sed
609 740 698 800 metri
722 757 820 818 genus
851 749 1016 820 spectetur.
1058 739 1181 802 Habent
1206 739 1290 800 enim
1314 740 1361 800 hor

285 858 396 905 nornen
411 863 458 924 ea,
474 863 554 925 quae
570 863 632 906 uno
644 862 755 924 genere
766 843 856 925 pedis
868 844 916 904 vel
932 846 1054 906 numeri
1067 844 1134 904 sine
1149 846 1361 925 interruptione

285 947 499 1027 desudanti.
516 967 543 1009 e.
560 965 642 1028 quae
654 955 821 1027 systemata
833 949 936 1008 vocari
949 948 1057 1028 soient,
1073 957 1110 1010 ut
1121 959 1357 1030 anapaesiurum,

284 1053 471 1132 lonicorum,
490 1052 682 1134 aliorumque
697 1069 907 1114 numerorum.
940 1053 1179 1133 Distinguuntur
1194 1061 1298 1114 autam
1318 1043 1361 1112 τὰ

285 1149 329 1232 ἐξ
349 1145 509 1235 ὁμοίων
530 1158 562 1218 in
584 1145 888 1238 ἃπεριόρισια,
911 1175 992 1236 quae
1015 1165 1197 1218 unotenore
1217 1154 1362 1236 usquead

285 1261 376 1320 iinem
391 1259 570 1339 procedunt,
589 1262 608 1321 i.
626 1281 652 1322 e.
669 1279 750 1342 quae
765 1279 864 1322 unum
879 1270 1014 1338 systema
1027 1269 1115 1337 sunt;
1135 1270 1167 1322 et
1181 1263 1211 1322 in
1229 1280 1276 1340 ea,
1291 1279 1360 1340 quae

284 1373 358 1426 sunt
386 1356 491 1426 κατὰ
520 1357 830 1448 περισρισμσύς
859 1353 1046 1444 ἀνίσους,
1079 1366 1099 1424 i.
1128 1384 1154 1426 e.
1186 1383 1267 1446 quae
1292 1383 1360 1424 oon-

284 1477 366 1528 stant
387 1489 427 1529 ex
449 1467 592 1548 pluribus
615 1467 754 1530 eiusdem
776 1469 913 1548 generis,
939 1467 995 1530 sed
1015 1467 1147 1531 diversis
1170 1471 1250 1530 inter
1265 1486 1298 1528 se
1311 1485 1360 1547 sy-

284 1572 438 1650 stematis,
469 1581 504 1634 ut
529 1590 622 1652 saepe
648 1573 680 1633 in
706 1571 830 1652 parodis
856 1571 1083 1653 tragoediarum
1114 1573 1214 1652 plura.
1231 1571 1361 1634 diversae

285 1675 482 1756 longitudinis
510 1685 678 1756 systemata
703 1677 899 1757 anapaestico
926 1677 1143 1757 inveniuntur,
1175 1678 1233 1740 hon
1260 1675 1358 1738 modo:

283 1777 331 1840 A.
351 1779 390 1840 Β.
412 1780 447 1840 Γ.
467 1779 508 1842 Δ.
524 1781 565 1845 [ι’.

369 1984 484 2068 §638
511 1982 655 2050 Μικτὰ
676 1980 967 2074 συσσημαιικὰ
988 1988 1151 2069 dicuntur,
1183 2008 1264 2068 quae
1295 1990 1362 2050 iiunt

283 2093 454 2155 coniunctis
470 2091 600 2154 diversis
619 2093 783 2172 generibus
795 2094 1073 2184 systematioorum,
1089 2093 1186 2156 veluti
1198 2094 1225 2153 si
1236 2113 1275 2154 ex
1286 2100 1362 2174 parte

284 2189 368 2258 κατὰ
384 2188 505 2277 σχέσιν,
521 2207 659 2278 exparte
674 2187 907 2276 ἀπολελυμένα
922 2206 1005 2260 sunt.

368 2401 483 2485 §639.
521 2407 660 2486 Denique
690 2399 812 2467 κοινὰ
843 2398 1132 2489 συστηματικὰ
1162 2405 1360 2484 appellantur,

283 2528 363 2590 quae
386 2508 579 2571 diversorum
598 2509 726 2592 perinde
750 2529 897 2590 generum
921 2509 1018 2571 videri
1035 2519 1182 2591 possunt,
1207 2517 1243 2570 ut
1259 2507 1362 2570 Horatii

283 2615 383 2676 Carm.
404 2615 451 2674 111.
475 2615 523 2674 42.
543 2613 628 2694 quod
644 2615 783 2696 imperito
800 2612 955 2675 videbitur
971 2606 1008 2689 ἐξ
1021 2601 1149 2693 ὁμοίων
1165 2631 1252 2690 esse,
1275 2613 1361 2693 perito

282 2726 385 2778 autem
402 2709 487 2779 κατὰ
503 2711 621 2796 σχέσιν.

367 2921 483 3006 5640.
510 2927 595 2998 Quae
618 2918 722 2987 κατὰ
746 2920 890 3004 σχέσιν
906 2935 1066 3006 vocantur,
1085 2944 1191 2986 eorum
1207 2927 1284 2987 haee
1300 2943 1361 2985 me-

283 3031 347 3091 triei
364 3048 473 3108 genera
490 3039 677 3110 posuerunt:
704 3025 1044 3115 μσνσστρσφικά,
1068 3032 1100 3090 in
1122 3029 1237 3110 quihus
1261 3027 1361 3091 eadem

218 3185 227 3193 ,
283 3152 383 3214 usque
399 3133 524 3213 stropha
540 3135 670 3213 repetita
686 3143 750 3213 est,
770 3135 826 3195 hae
843 3135 954 3195 forma:
977 3134 1019 3196 A.
1039 3130 1086 3194 A.
1106 3130 1154 3194 A.
1174 3135 1361 3195 Recentiores

282 3256 443 3320 perperam
453 3237 695 3318 monostrophicn
704 3238 859 3318 appellare
868 3237 976 3316 solent,
987 3255 1068 3317 quae
1076 3237 1233 3300 veteribus
1240 3228 1360 3300 ἀπολε-

283 3335 405 3420 λυμένα
421 3341 621 3422 vocabantur,
641 3340 680 3403 de
697 3341 811 3423 quibus
828 3339 948 3403 dicetur
964 3359 1030 3420 cap.
1051 3324 1144 3402 XXV.

367 3547 483 3631 §ddi
510 3549 627 3612 Deinde
651 3543 855 3638 ἒπῳδιιιά,
880 3551 937 3610 hae
956 3550 1070 3611 forma:
1094 3547 1142 3611 A.
1162 3529 1268 3612 AJ'B.
1289 3567 1360 3629 quar

282 3645 376 3732 τριὰς
392 3647 541 3739 ἐπῳδικὴ
559 3664 698 3731 vocatur;
718 3653 768 3716 vel
784 3653 856 3716 han:
875 3652 923 3715 A.
943 3652 991 3716 A.
1011 3653 1059 3717 A.
1079 3655 1118 3716 B.
1138 3673 1218 3736 quae
1234 3645 1360 3736 σειράς,-

283 3757 331 3820 vol
346 3759 418 3818 hac:
437 3757 485 3821 A.
502 3756 546 3822 A.
562 3755 610 3818 A.
628 3757 670 3821 A.
687 3759 726 3820 Β.
743 3777 823 3838 quae
836 3753 977 3836 πεντάςς
992 3759 1156 3839 exquibus
1170 3759 1357 3821 usitatissima

182 3913 187 3924 .
282 3871 329 3924 est
351 3855 461 3948 τριάςῑ
490 3882 517 3923 v.
544 3871 665 3944 praeter
685 3863 847 3942 Hephaest.
874 3881 942 3944 pag.
964 3865 1003 3924 68
1026 3859 1355 3946 (tte).·edamson01.

283 3967 388 4048 Eurip.
409 3966 448 4045 ad
463 3965 578 4028 Hecub.
600 3968 659 4028 620
683 3965 778 4048 (624).

368 4139 485 4256 §642ss
511 4176 600 4237 Porro
615 4165 850 4258 μσσῳδικσῖ,
868 4176 925 4236 hae
940 4175 1053 4237 dorma:
1072 4177 1120 4238 A.
1140 4175 1179 4237 Β.
1198 4173 1245 4236 A.
