2896 4960
129 327 136 336 -
253 287 294 350 88
414 343 422 355 x
661 303 938 346 uu.rr.csr.xx1.
1019 305 1029 320 ¹

254 460 393 522 Creticus
408 467 523 536 autem,
539 458 571 519 in
586 476 736 538 paeonem
752 464 899 537 quartum
915 456 1044 534 solutus,
1061 457 1092 516 in
1104 457 1215 536 Eurip.
1233 455 1335 516 Phoco.

256 563 327 623 tet.
347 559 397 623 ed.
417 563 500 623 Pors.
1190 583 1192 588 ·

341 652 380 738 ὃς
401 653 455 727 ἐπ’
478 658 562 744 ἐμόν
584 657 685 727 πόλιν
707 657 769 747 ἔβα
793 657 936 747 πέρσων.

255 765 341 830 Idem
356 767 516 830 subiectus
531 767 672 830 dochmio
688 769 719 829 in
735 765 845 830 Aesch.
865 769 963 828 Prom.
990 771 995 828 Ι
1008 769 1057 828 17.

343 867 433 934 ἵκετο
455 867 626 956 τερμόνιον
649 865 708 933 ἐπὶ
729 863 849 954 πόγον.

256 976 393 1036 Creticus
423 976 455 1036 in
485 975 624 1055 quinque
655 973 765 1036 breves
791 975 912 1036 solutus
939 975 1018 1035 inter
1045 975 1163 1036 medios
1192 972 1345 1036 dochmios

256 1087 358 1140 exstet
371 1079 403 1138 in
419 1078 512 1159 Soph.
533 1076 609 1138 Oed.
629 1079 664 1138 R.
688 1079 759 1138 661.
784 1082 824 1158 (ν.
844 1075 861 1160 §
880 1077 965 1152 629.)

341 1175 426 1244 θεόν
447 1172 581 1264 πρόμον
601 1173 730 1242 Ἄλιον·
754 1173 830 1244 ἐπεὶ
852 1167 969 1259 Melsos,
994 1169 1128 1266 όφιλος,

386 1277 461 1348 ὅτι
482 1276 638 1364 πύματον
1136 1289 1140 1298 ’

343 1375 497 1467 ὀλοίμαν,
520 1381 683 1472 φρόνησιν
707 1378 740 1449 εὶ
759 1376 851 1448 τόνδ’
876 1379 950 1465 ἔχω.

341 1592 365 1673 5
381 1591 458 1658 260.
486 1596 584 1674 Saepe
600 1613 673 1658 vcro
688 1614 750 1658 non
764 1602 866 1676 potest
881 1593 1028 1674 dubitari,
1047 1596 1122 1674 quin
1135 1596 1282 1657 Creticus
1296 1597 1346 1654 iste

256 1697 406 1760 dochmiis
427 1699 551 1784 iunctus
574 1718 636 1760 non
659 1701 700 1760 sit
721 1716 794 1760 vere
816 1699 968 1778 Creticus,
993 1700 1013 1759 i.
1033 1718 1060 1759 e.
1080 1697 1155 1760 crdo
1178 1698 1346 1759 trochaicus

257 1803 288 1862 iu
311 1799 449 1862 secunde
472 1783 535 1864 ersi
554 1802 675 1882 finitus,
702 1802 759 1865 sed
780 1821 852 1884 pars
873 1803 993 1864 numeri
1016 1801 1203 1882 dochmicoi,
1231 1821 1273 1862 ex
1293 1801 1346 1860 ersi

258 1902 344 1965 nude
360 1913 391 1966 et
406 1905 509 1967 iambo
524 1914 677 1968 constane.
711 1907 779 1980 Quo
795 1907 838 1985 fit,
862 1915 898 1967 ut
912 1906 1013 1968 media
1028 1906 1149 1986 syllaba
1165 1923 1286 1986 anceps
1300 1905 1343 1980 sit,

257 2017 289 2069 et
302 2007 466 2069 Molossum
488 2027 543 2087 pro
559 2010 676 2072 Cretico
696 2010 769 2090 poni
785 2010 883 2070 liceat.
916 2007 1017 2089 Atque
1038 2011 1095 2070 etsi
1116 2009 1306 2091 plerumque
1320 2007 1345 2064 in

257 2112 484 2193 antistropbiois
507 2112 672 2192 utrobique
693 2113 742 2174 vel
763 2112 872 2176 Cretici
896 2112 944 2173 vel
964 2113 1084 2173 Molossi
1105 2123 1292 2190 servantur,
1317 2117 1346 2170 ut

256 2217 288 2276 in
305 2216 413 2278 Oreste
431 2220 502 2278 tlt.
524 2215 595 2277 ⁴57.

344 2304 366 2381 ἆ
388 2303 422 2397 ἆ,
446 2311 601 2403 σύριγγος
622 2311 643 2380 ό
649 2339 747 2394 -πως
768 2309 881 2382 πνοιό.

344 2412 444 2500 ὀλεῖς,
468 2414 501 2485 εἰ
521 2413 868 2509 βλέφαρα-κινήσεις·

258 2526 301 2586 sic
323 2525 404 2586 enim
425 2527 546 2607 potius,
573 2544 666 2607 quem
690 2546 729 2588 ex
744 2525 871 2588 Bacchio
890 2535 921 2588 et
943 2525 1084 2588 dochmio
1100 2527 1263 2608 compositi
1278 2531 1345 2586 sunt

257 2629 287 2690 hi
305 2648 432 2691 versus:
459 2638 563 2692 temen
584 2638 632 2691 est
653 2631 745 2692 etiam
767 2629 822 2692 ubi
837 2630 974 2692 Creticus
995 2641 1026 2692 et
1042 2631 1189 2692 Molossus
1210 2631 1271 2692 sihi
1296 2647 1343 2688 re-

257 2732 439 2813 spondeant.
466 2733 573 2814 Eurip.
593 2735 655 2795 lon.
677 2733 749 2796 677.
774 2733 813 2816 (v.
833 2734 929 2795 Elem.
950 2733 980 2795 d.
1002 2755 1042 2795 m.
1063 2755 1093 2815 p.
1114 2731 1186 2794 272.
1207 2733 1289 2816 seq.)
1345 2755 1348 2768 ’

344 2825 412 2920 ὁρῶ
435 2827 562 2920 όόιιρυο
584 2827 872 2914 καὶ-πενθίμους.

345 2928 456 3024 φίλαι,
479 2928 592 3023 πότερ’
616 2931 891 3023 ἐμᾷ-δεσποίνᾳ.

257 3045 322 3105 Nisi
338 3033 520 3130 πενθήρεις
534 3041 666 3123 scripsit.

343 3248 458 3333 5261.
486 3253 553 3315 Duo
567 3249 746 3314 huiusmodi
762 3251 871 3313 Cretici
887 3249 941 3313 ubi
955 3253 1193 3333 coniunguntur,
1213 3253 1341 3317 dubium

257 3356 354 3418 videri
370 3367 471 3438 potest
485 3365 589 3421 utrum
606 3357 652 3418 sic
667 3354 813 3418 metiendi
828 3355 907 3417 sint:

344 3459 367 3506 L
398 3455 447 3506 02
478 3461 501 3507 L
533 3455 581 3507 0:

258 3583 297 3624 en
314 3582 352 3624 ex
374 3456 436 3626 elrsi
451 3457 482 3626 όι
498 3459 638 3629 όοολιιοίο
654 3572 811 3643 constent,
836 3561 876 3626 de
892 3582 954 3644 quo
969 3579 1080 3642 genere
1096 3559 1213 3625 dictum
1236 3561 1254 3645 ᾗ
1271 3560 1336 3620 25⁴.

258 3667 316 3729 hoc
334 3667 424 3730 modo

344 3769 368 3816 ,ι
379 3767 388 3854 γ
400 3765 448 3816 os
461 3768 465 3855 Ι
478 3770 502 3817 .¹.
515 3768 519 3855 γ
532 3765 591 3832 GL,

259 3875 497 3938 Diiudicendum
512 3878 569 3937 hoc
584 3872 709 3936 videtur
724 3893 764 3936 ex
777 3894 824 3953 eo,
847 3873 932 3953 quod
948 3893 1072 3954 quoquc
1088 3875 1152 3936 loco
1168 3877 1270 3956 aptius
1284 3879 1335 3934 ost.

226 4022 229 4026 -
259 3981 302 4042 lta
318 3981 402 4061 prior
416 3981 493 4042 ratio
509 3976 685 4041 adhihenda
700 3979 732 4038 in
747 3978 795 4038 his
810 3979 960 4040 Prometh.
979 3981 1050 4040 590.

344 4075 454 4157 κλόεις
475 4077 614 4169 φθέγμα
635 4072 1090 4166 τᾶς-βοόκιρω-παρθὲνοο.

259 4188 407 4249 Posterior
422 4189 452 4249 iu
469 4185 611 4249 versibus
625 4184 644 4268 ξ
661 4186 733 4247 25⁴.
754 4185 862 4250 allatis.
