2930 4962
550 378 587 420 ur
603 376 758 420 moseum.
1156 356 1198 420 29

111 529 408 608 Antepennltimam‚
427 530 453 590 si
468 529 575 592 brevis
589 538 638 592 est
652 548 731 608 quae
748 529 898 608 sequitur,
917 529 950 588 iu
965 529 1043 588 arsi:
1070 537 1105 590 ut
1119 515 1199 604 ὄϊες,

109 621 244 709 ἴμεναι,
276 622 434 716 ἀρόμεναι
457 631 569 712 Οάγεε.
601 653 623 694 ι.
642 633 711 692 lib.
746 630 832 694 Iliad.
859 653 887 692 o.
913 632 984 692 365.
1018 629 1140 692 Hesiod.
1160 630 1197 691 0.

110 743 143 796 et
157 735 194 796 ll.
216 735 268 798 29.

199 971 293 1055 597.
320 977 491 1056 Corripitur
512 976 626 1038 vocalis
648 986 774 1058 propter
795 985 976 1057 sequentem
992 985 1153 1038 accentum
1169 977 1201 1037 in

111 1081 256 1159 oxytouis
272 1078 665 1160 quibusdam'trisyllabis,
685 1086 721 1141 ut
735 1071 849 1163 ἐπειή,
872 1070 1027 1158 μεμαώς,
1043 1070 1200 1158 Ἀχιλεύς,
1302 1073 1308 1094 ’

109 1173 277 1254 Ὀάοσεάς.
308 1183 347 1244 Et
360 1184 392 1242 in
409 1182 634 1264 tetrasyllabis,
653 1201 733 1264 quae
749 1182 789 1243 ab
804 1184 852 1246 his
867 1181 1072 1262 declinantur,
1092 1191 1127 1244 ut
1140 1201 1201 1262 με-

110 1275 245 1365 μαότες,
259 1276 419 1364 Ἀχιλέος,
437 1277 600 1362 Ὀάοοέος,
617 1303 696 1365 quae
714 1286 894 1348 scribuntur
910 1287 1094 1366 μεμαῶτες,
1110 1275 1202 1364 Ἀγι-

112 1380 383 1476 lavabuntque.

198 1629 223 1711 ᾖ
238 1625 295 1694 98.
322 1629 493 1708 Corripitur
507 1639 632 1712 propter
646 1629 881 1711 praecedentem
904 1641 1064 1694 accentum
1084 1631 1202 1711 penul-

115 1735 185 1793 tima
202 1733 340 1794 maxime
355 1734 387 1794 in
402 1734 614 1814 coniunctius,
629 1743 664 1796 ut
679 1723 865 1816 ἀγείρομεν,
882 1732 1025 1816 μίσγεαι,
1037 1727 1203 1814 βούλεται,

114 1826 348 1916 ἀποθείομαι,
379 1854 459 1916 quae
481 1838 526 1897 sic
549 1835 730 1898 scribuntur
751 1855 807 1917 pro
829 1825 1029 1920 ἀγείρομεν,
1051 1826 1202 1921 μίσγηαι,

14 2010 18 2023 Ι
116 1932 296 2023 βούλιμαι,
322 1927 557 2018 ἀποθείομαι.
598 1940 693 2018 llaro,
722 1938 776 2002 ubi
803 1939 908 2003 brevis
933 1951 980 2004 est
1005 1959 1041 2002 ea
1067 1939 1200 2020 syllaba,

120 2059 199 2120 quae
218 2051 380 2104 accentum
403 2042 515 2121 habet,
541 2049 578 2104 ut
598 2043 631 2103 in
654 2029 772 2104 ἀλεται
795 2042 880 2105 lliad.
899 2039 929 2104 λ.
951 2045 1022 2106 lua.
1058 2045 1125 2106 lluc
1148 2062 1203 2106 re-

121 2143 191 2204 lerri
205 2144 297 2207 debet
311 2145 404 2207 etiam
420 2153 655 2208 commemorata
671 2165 688 2206 a
704 2146 909 2226 grammaticis
926 2147 1075 2227 correptio
1086 2147 1204 2224 penul-

118 2247 207 2308 timae
234 2249 267 2308 iu
298 2249 385 2310 tertia
416 2247 638 2328 perlectorum,
666 2259 701 2310 ut
723 2241 907 2331 λελόγχασι,
931 2268 1011 2328 quae
1037 2257 1139 2311 tamen
1164 2269 1203 2310 ex

114 2351 237 2412 Homeri
254 2351 439 2432 Hesicdique
455 2352 644 2415 carminibus
659 2351 750 2414 hodie
773 2353 902 2432 expulsa
919 2361 975 2414 est.
995 2354 1030 2416 V.
1050 2347 1148 2414 Elem.
1168 2351 1199 2413 d.

112 2465 202 2518 metr.
222 2474 255 2535 p.
270 2457 320 2517 58.

199 2693 296 2778 599.
322 2697 432 2766 Vltima
456 2697 618 2776 corripitur
640 2705 760 2760 tanturn
783 2699 815 2759 in
838 2690 902 2770 ἕως
922 2695 1007 2776 apud
1023 2695 1198 2776 Homerum,

115 2801 198 2882 qnod
215 2799 311 2862 scribi
326 2799 455 2862 deberet
469 2785 549 2879 εἷος,
567 2809 603 2862 ut
618 2801 796 2881 saepissime
813 2801 843 2860 in
855 2801 906 2862 illo
918 2792 981 2874 ἕως
993 2791 1012 2860 ὁ
1025 2787 1124 2863 ταῦθ’
1137 2791 1203 2884 (ἀρ-
1310 2801 1314 2809 “

112 2925 222 2984 μαινε.
259 2903 317 2966 0d.
338 2924 360 2966 ι.
381 2906 454 2967 933.
473 2925 502 2966 τ.
522 2903 595 2966 367.

199 3015 329 3110 ἥμενοι,
346 3018 410 3098 ἕως
424 3017 553 3110 ἀπῆλθε
568 3018 683 3104 νέμων.

200 3123 288 3192 ὅσσα
303 3121 342 3190 σὺ
357 3128 408 3211 τῷ
422 3119 552 3206 latona,
566 3118 747 3212 ἀρώμενος,
764 3121 827 3202 ἕως
842 3123 941 3189 λ’κοιο.

112 3248 198 3310 lliad.
218 3269 248 3310 ε.
267 3249 338 3310 189.
358 3246 575 3311 scribendum:

198 3363 347 3450 μιμνέτω
363 3358 488 3431 αὐτόθι
503 3361 594 3446 τέως,
611 3361 827 3454 ἐπειγόμενός
841 3388 904 3452 περ
920 3357 1047 3452 Ἄρηος.

113 3493 147 3551 V.
168 3491 268 3552 Elem.
287 3489 319 3552 d.
338 3509 379 3551 m.
398 3507 430 3570 p.
445 3489 495 3550 59.

202 3731 227 3812 ξ
244 3727 319 3796 100.
346 3729 463 3792 Similia
478 3729 574 3792 multa
591 3729 701 3792 habuit
714 3729 872 3792 familiaris
894 3747 996 3793 sermo
1011 3732 1197 3812 Latinorum,

116 3853 197 3914 quae
213 3853 273 3895 usu
290 3833 517 3913 cognoscenda,
537 3832 615 3895 duce
631 3835 766 3896 maxime
781 3835 917 3896 bentleio
932 3836 964 3896 in
980 3833 1202 3896 schediasmate

117 3935 279 3998 demetrio
295 3938 486 3998 Terentianis
508 3946 539 3998 ot
560 3935 811 4001 adnotationibus
830 3937 870 3998 ad
886 3939 1072 4000 Terentium.
1106 3939 1201 4000 Prac-

119 4040 208 4118 oipue
223 4039 411 4120 tenendum,
432 4039 503 4102 licat
516 4042 706 4120 grammatici
720 4040 841 4121 dicant,
859 4042 982 4104 nullum
998 4042 1121 4104 Latinae
1137 4041 1202 4100 lin-

119 4159 196 4220 guae
207 4143 393 4206 vocabrdum
409 4145 440 4203 in
454 4152 562 4224 quarta
579 4161 595 4204 a
612 4145 673 4206 line
689 4143 809 4224 syllaba
831 4154 991 4206 accentum
1006 4142 1130 4222 habere,
1150 4152 1202 4203 ta-

122 4261 190 4304 men
205 4247 401 4324 tetrasyllaba
426 4249 544 4324 omnia⁷
572 4265 652 4324 quae
676 4256 738 4308 tres
761 4246 873 4308 breves
893 4257 964 4308 ante
987 4247 1125 4310 ultimam
1141 4247 1203 4306 ha-
