2930 4962
274 362 315 424 20
697 382 753 423 ιιι.
774 382 793 424 r.
821 381 882 423 car.
901 381 929 422 x.
1010 370 1012 380 '

273 535 350 595 Nam
366 535 396 594 in
413 533 572 612 dactylicis
593 535 699 596 aliisve
715 533 877 596 ordinibus
898 533 997 594 thesin
1013 531 1348 614 pluriumsyllabamm

273 637 459 699 habentibus
480 655 607 716 prorsus
629 635 829 719 impediretur
852 635 1002 698 decursus
1022 637 1142 698 numeri
1165 634 1348 702 admittenda

274 740 394 821 syllaba
409 742 544 822 ancipiti.

359 945 383 1028 ἦ
397 943 451 1010 71.
486 949 518 1008 ln
542 946 644 1010 medio
660 965 770 1025 versu,
793 945 847 1008 sed
866 948 895 1007 in
912 947 972 1008 linc
988 953 1107 1009 tantum
1123 945 1264 1008 vocabuli
1279 947 1351 1007 arsis

273 1050 496 1132 dactylicorum
524 1051 685 1129 ordinum,
715 1060 746 1112 et
772 1051 865 1112 thesis
891 1049 1057 1129 spondiaco
1083 1052 1184 1129 quarti
1209 1049 1298 1129 pedis
1324 1051 1353 1108 in

274 1173 367 1216 versu
383 1155 502 1216 heroico
517 1154 668 1235 syllabam
685 1154 847 1232 ancipitem
864 1155 1025 1234 recipiunt.
1113 1194 1115 1204 ι

360 1249 520 1338 ἐκπέρσαι
535 1250 709 1341 Πριάμοιο
725 1249 835 1334 πόλιν,
852 1242 888 1318 εὖ
903 1246 932 1319 δ’
947 1245 1054 1318 οἴκαδ’
1072 1247 1219 1319 ἱκέσθαι.

359 1361 399 1444 τῇ
414 1351 443 1421 d'
461 1352 519 1421 ἔπι
533 1353 594 1439 μὲν
610 1355 724 1443 Γοργώ
739 1357 953 1442 βλοσυρῶπις
968 1350 1188 1445 ἐστεφάνωτο.

273 1463 313 1524 Et
326 1465 404 1524 arsis
420 1461 544 1543 quidem
562 1463 612 1524 illa
629 1472 695 1524 lum
710 1472 836 1544 propter
850 1464 913 1523 vim
925 1481 1029 1542 suam,
1045 1471 1111 1525 lum
1127 1472 1252 1544 propter
1266 1464 1353 1524 linem

273 1567 412 1644 numeri,
433 1567 532 1645 quiin
547 1567 615 1646 ipso
630 1566 726 1628 verbo
741 1567 837 1643 inest;
862 1566 958 1628 thesis
973 1576 1077 1628 autern
1092 1575 1218 1648 propter
1232 1585 1354 1648 gravem

274 1689 433 1732 caesuram
456 1689 491 1729 eo
513 1670 545 1729 in
572 1669 654 1748 loco,
685 1669 810 1730 finiente
835 1669 928 1731 simul
954 1679 985 1730 ct
1009 1671 1134 1732 metrico
1160 1678 1191 1730 et
1213 1670 1355 1732 vocabuli

273 1791 413 1834 numero.
453 1773 487 1833 ln
514 1773 674 1834 trochaicis
699 1773 837 1834 numeris
864 1773 942 1834 arsis
963 1790 1025 1834 non
1048 1771 1186 1834 admittit
1206 1773 1354 1850 syllabam

274 1877 447 1957 ancipitem,
468 1885 533 1937 tum
549 1874 633 1956 quod
649 1875 780 1938 debilior
792 1885 850 1956 est,
870 1886 935 1938 tum
950 1876 1036 1956 quod
1051 1877 1106 1938 hos
1122 1893 1278 1956 numeros,
1305 1877 1355 1956 qni

274 1980 441 2041 solutiones
456 1978 570 2039 multas
585 1980 746 2060 recipiunt,
766 1978 929 2059 impeditos
944 1978 1103 2042 redditura
1118 1987 1210 2042 esset.
1396 1961 1399 1966 ’

211 2187 214 2193 ’
267 2225 269 2229 -
360 2180 454 2266 572.
489 2185 567 2247 Raro
583 2185 732 2247 Homerus
755 2181 846 2247 etiam
865 2187 965 2249 thesin
982 2185 1177 2267 spondiaoam
1200 2187 1232 2246 in
1250 2185 1355 2247 mediis

275 2288 403 2351 vocibus
419 2289 581 2369 ancipitem
598 2307 667 2350 esse
682 2307 795 2371 passus
811 2299 867 2352 cst.
898 2290 942 2350 Ile
958 2307 1018 2368 qua
1036 2290 1114 2348 rein
1130 2307 1222 2351 versu
1240 2291 1355 2351 heroico

274 2393 461 2455 videbimus.

361 2596 453 2680 573.
488 2599 613 2680 Syllaba
630 2613 759 2680 anceps,
785 2617 865 2679 quae
880 2617 936 2679 per
949 2599 1070 2661 numeri
1086 2599 1184 2678 legem
1200 2617 1256 2680 pro
1272 2599 1357 2661 brevi

198 2722 201 2734 ’
274 2703 417 2766 habenda
434 2713 490 2782 est,
506 2723 566 2764 non
583 2713 684 2784 potest
698 2705 730 2763 in
745 2702 824 2764 duas
840 2703 952 2764 breves
968 2703 1054 2781 solvi,
1069 2703 1141 2782 quia
1158 2720 1256 2782 quum
1272 2704 1357 2782 longa

275 2817 336 2886 est,
362 2826 424 2867 non
440 2816 488 2869 cst
503 2805 541 2867 eir
556 2807 676 2868 numeri
693 2807 758 2886 lege
774 2807 880 2885 longa,
907 2805 962 2866 sed
984 2824 1039 2883 pro
1054 2805 1141 2866 brevi
1157 2815 1353 2868 numeratur:

274 2930 346 2973 nam
363 2920 529 2990 repugnat,
555 2909 694 2990 longam,
721 2928 801 2988 quae
817 2927 876 2968 non
893 2909 933 2969 sit
949 2908 1054 2987 longae
1069 2907 1149 2988 loco,
1168 2928 1275 2990 parem
1291 2926 1357 2971 esse

277 3013 400 3076 duabus
416 3013 575 3076 brevibus.
996 2997 997 3002 ἵ

663 3167 971 3176 ——-—-—.—-

723 3310 836 3381 cAP.
855 3311 908 3382 X.

615 3461 1014 3557 Deprosodia.

361 3631 461 3716 574.
499 3637 554 3696 Per
574 3633 749 3715 prosodiam
772 3635 898 3696 metrico
920 3651 1049 3694 numero
1070 3634 1192 3692 numeri
1214 3631 1355 3694 orationis

276 3738 709 3821 aptanturcommoditate
726 3737 856 3816 metri,
876 3746 1043 3797 accentu
1058 3736 1351 3812 vocabulorum,

276 3844 381 3906 vocis
403 3843 644 3922 intensione,
669 3840 1009 3921 interpunctione.

362 4046 455 4132 575.
487 4051 597 4112 lletri
619 4047 876 4110 commoditas
896 4049 994 4127 posita
1009 4047 1102 4108 estin
1122 4045 1353 4127 productio-

275 4150 1151 4235 nibusetcorreplionibusproptermetrum,
1178 4149 1350 4222 inhiatu,

277 4259 314 4318 ln
331 4259 524 4337 elisione,
544 4258 582 4317 in
598 4257 719 4334 crasi,
739 4257 777 4314 in
793 4255 985 4333 synizesi.
