2896 4960
438 400 474 443 DE
489 397 621 442 vuusmvs
638 399 810 442 dernensis,

73 557 108 616 ln
127 555 290 636 Sophoclis
304 555 467 616 Philoctete
482 563 586 616 autom
602 575 633 614 v.
657 556 747 616 1089.
772 555 865 615 tlte.

164 667 202 738 τό
223 667 300 738 ποτ’
323 661 366 736 αὖ
386 693 446 755 μοι
466 668 504 737 τὸ
526 665 599 736 κατ’
622 659 722 758 ἦμαρ,

165 778 345 862 κραταιαῐς
364 771 449 858 μετὰ
467 772 590 861 χερσίν,

73 921 139 962 non
164 899 312 963 ferendus
340 903 372 962 iu
400 900 554 981 strophioo
580 879 784 978 euepaostus:
810 919 907 980 quare
931 891 967 961 τί
985 899 1096 962 delevi.
1137 903 1171 962 ln

71 1003 294 1084 Aristophanis
310 1006 403 1066 lienis
419 1025 449 1066 v.
469 1003 560 1066 ⁴322.
582 1003 748 1084 vituperari
765 1013 950 1084 usurpatum
967 1003 1007 1064 ab
1022 1003 1171 1086 Euripide
1263 1083 1266 1090 Ι

73 1110 163 1170 huno
177 1107 309 1190 pedem,
334 1110 471 1189 itemque
495 1106 653 1187 dactylum
676 1115 746 1188 post
761 1105 850 1168 basin
871 1089 1170 1169 ante'ohoriamhum

73 1212 190 1274 volunt
205 1213 402 1274 scholiastae:

166 1323 354 1416 περίβαλλ’,
378 1318 405 1394 ὦ
426 1325 550 1411 τέκνον,
575 1322 710 1408 ὠλένας.

166 1429 250 1525 ὁρᾷς
272 1430 329 1500 τὸν
348 1429 441 1500 πόδα
461 1436 601 1515 τοῦτον,·
617 1428 695 1521 ὁρῶ.

166 1535 204 1605 τέ
222 1533 299 1619 δαίς
320 1541 438 1602 τοῦτον
459 1532 559 1625 ὁρᾷςς
580 1530 659 1619 ὁρῶ.

165 1639 300 1709 τοιαυτὶ
320 1640 436 1725 μέντοι
458 1637 497 1707 οὐ
523 1643 634 1705 ποιῶν

165 1749 296 1834 τολμᾷς
315 1739 407 1830 τάμὰ
429 1742 513 1832 μέλη
535 1741 663 1832 ψέγειν,

167 1844 232 1916 nivei
254 1846 293 1914 τὸ
315 1843 592 1938 δωδεκαμήχανον

214 1949 366 2042 Κυρήνης
385 1953 598 2036 μελοποιῶνς

167 2201 192 2281 ξ
207 2196 285 2266 469.
312 2199 458 2280 Dootylus
473 2198 529 2262 ubi
543 2199 577 2260 iu
591 2199 660 2261 bosi
676 2208 737 2280 est,
765 2209 896 2279 utroque
912 2199 1025 2279 forma,
1050 2201 1171 2261 ethaeo

165 2335 392 2402 QUAM-xa,

74 2440 107 2490 et
122 2427 175 2489 illa

164 2542 381 2576 -W-U..W..

74 2636 141 2696 [ere
153 2652 280 2713 sempor
290 2634 413 2694 sibimet
427 2635 486 2715 ipsi
497 2644 639 2696 eoourete
656 2633 834 2717 respondet,
852 2642 887 2694 ut
907 2632 1043 2696 dubitari
1056 2637 1166 2716 possit,

74 2759 114 2800 au
132 2738 165 2798 hi
181 2735 324 2814 dactylici
339 2739 441 2816 potius
457 2741 577 2800 numeri
593 2740 665 2802 sint.
699 2740 732 2800 ln
756 2737 922 2799 recentiore
938 2737 1092 2818 tragoedia
1108 2739 1169 2800 da-

74 2841 180 2923 ctylus
203 2841 236 2900 in
251 2839 318 2902 basi
341 2841 413 2919 poni
436 2840 512 2903 lolso
530 2842 709 2922 putabatur.
741 2841 932 2904 Intellectum
948 2851 997 2904 est
1011 2843 1093 2903 enim
1108 2863 1170 2904 ue-

74 2947 208 3026 gleotam
220 2944 455 3026 responsionum
464 2947 693 3026 congruentiam
703 2946 743 3008 ab
753 2945 909 3008 erroribus
918 2945 1090 3009 scribarum
1102 2965 1169 3008 osso

74 3045 263 3130 prolectam,
283 3055 319 3110 ut
333 3049 366 3109 in
380 3049 536 3128 Euripidis
552 3049 617 3130 lph.
636 3047 710 3111 Aul.
722 3052 801 3113 'dli
823 3051 894 3114 569.

163 3162 355 3249 μελομέναν
376 3158 517 3252 οἴστρων
538 3162 600 3233 όθι
623 3163 673 3256 δή.

162 3267 249 3355 μέγα
272 3266 432 3359 φέρουσιν
453 3265 503 3348 εἷς
523 3263 655 3357 ἀρετάν.

77 3395 135 3456 Vbi
149 3387 360 3475 μαινομένων
375 3394 544 3475 legebatur.
578 3395 618 3456 Et
633 3395 663 3456 in
680 3395 775 3476 lphig.
797 3398 887 3457 Taur.
911 3397 1004 3457 titt.
1027 3395 1121 3456 llll.

164 3505 350 3576 ἑπτατόνου
373 3508 514 3578 κέλαδον
535 3507 649 3597 λόρας.

164 3612 339 3700 παρθένος
360 3609 545 3698 εὐδοκίμων
567 3612 690 3702 γάμων.

78 3740 133 3802 Vbi
157 3741 307 3819 seriptum
331 3749 397 3801 eret
426 3732 566 3801 κέλαδον
593 3731 777 3803 ἑπτατόνου
806 3734 916 3823 λόρας.
959 3741 1049 3815 Quod
1071 3761 1168 3822 genus

78 3844 201 3906 numeri
223 3841 387 3924 logooedioi
407 3861 500 3922 saepe
515 3862 586 3905 oum
602 3845 765 3924 Glyconeis
781 3846 977 3907 coniunctum
1000 3845 1165 3922 invenitur,

77 3958 113 4010 ut
132 3950 166 4010 iu
182 3947 338 4030 Aristoph.
365 3947 488 4008 Thesm.
510 3949 603 4010 ttae.
630 3948 715 4029 quod
731 3965 860 4011 cannen
880 3951 925 4010 sic
947 3947 1164 4010 scribendum:

164 4080 334 4151 Παλλάδα
356 4077 415 4171 τὴν
436 4076 617 4170 φιλόχορον
633 4079 708 4166 έμολ
975 4081 1103 4170 προῳδ.

166 4190 266 4275 δεῦρο
286 4186 401 4252 καλεῖν
422 4182 524 4270 νόμος
547 4181 581 4262 ές
601 4183 711 4272 χορόν,

208 4289 394 4382 παρθένον,
414 4282 517 4379 όζυγα
538 4285 667 4382 κούρην,
