2930 4962
430 369 466 410 us
481 367 614 412 rursum
630 365 818 410 uooauums.
1134 347 1174 422 17

166 516 293 603 §m
342 521 441 601 Saepe
470 541 487 582 a
518 519 650 600 dactylis
679 518 719 583 ad
746 519 978 599 antispastionm
1009 535 1174 580 numerum

83 627 249 705 transitur,
273 623 331 687 sed
352 623 417 686 iere
436 623 476 686 ad
497 623 726 703 dochmiaenm,
752 623 792 686 de
814 641 875 704 quo
898 622 987 686 inira.
1020 619 1067 684 Ad
1089 623 1174 684 auti-

78 739 225 812 spastum
241 729 400 792 transiisse
414 727 513 792 videri
529 737 631 810 potost
641 726 815 807 Aeschylus
829 726 913 805 Sept.
930 725 971 786 ad
984 725 1080 787 Theb.
1095 727 1170 788 tao.

168 827 389 918 μαινομέ-νᾳ
411 823 519 919 φρενί,
541 824 608 906 τώς
629 853 688 896 νιν.

75 937 146 1000 Sed
167 937 368 998 verisimilius
388 945 450 1016 est,
477 935 518 997 ab
537 936 706 1016 antispasto
721 933 762 996 ad
782 933 900 996 iambos
915 944 947 995 et
961 935 992 994 in
1009 934 1065 994 lroo
1080 951 1175 996 versu

76 1051 110 1101 et
126 1043 160 1102 iu
176 1060 214 1101 eo
229 1041 285 1120 qui
300 1040 450 1120 seqnitur,
470 1041 610 1101 transiri:

167 1135 357 1228 μαινομένᾳ
380 1134 517 1230 ptos-vl,
541 1137 608 1217 τώς
629 1163 677 1207 νιν

167 1239 260 1319 Ζεὺς
282 1237 425 1330 νεμέτωρ
449 1239 592 1310 irc-laios
607 1238 779 1324 κοταίνων,

79 1351 128 1411 his
144 1348 271 1411 formis:

87 1901 235 1962 Neutrum
250 1902 334 1962 enim
350 1921 475 1963 versum
492 1902 677 1982 dactylicum
692 1921 778 1981 esse,
805 1905 904 1966 omnis
926 1903 1069 1982 strophae
1084 1921 1175 1964 eom·-

91 2004 197 2082 positio
212 2006 320 2083 arguit.

508 2271 620 2342 OAP.
638 2269 751 2341 xx1.

326 2421 384 2490 De
411 2422 613 2495 versibus
641 2421 925 2494 dochmiacis

169 2587 286 2674 5225.
322 2591 561 2654 Vsitatissimum
577 2609 675 2672 genus
690 2593 929 2672 antispastomm
945 2588 1127 2652 doohmia
1137 2579 1172 2676 oi

87 2704 167 2777 sunt,
185 2698 241 2776 qui
256 2703 399 2756 constant
413 2714 452 2757 ex
467 2695 636 2776 antispasto
650 2694 911 2776 hypercataleoto:

87 2900 158 2964 lide
181 2901 285 2981 Etym.
305 2903 343 2964 ll.
363 2918 394 2980 p.
414 2903 488 2980 285,
507 2902 558 2963 25.
577 2900 617 2964 de
636 2919 698 2981 quo
718 2901 784 2964 loeo
802 2899 1001 2983 disputarunt
1016 2899 1173 2963 Seidlerus

84 3003 122 3066 da
137 3021 237 3066 verss.
257 3002 380 3066 doehm.
400 3023 431 3085 p.
450 3005 521 3066 l0l.
541 3022 627 3085 seqq.
646 3012 678 3067 et
692 3005 861 3068 Boeekhius
877 3004 916 3068 de
932 3007 1038 3084 metris
1053 3004 1173 3066 Pindari

85 3127 116 3188 p.
137 3111 188 3171 li.
223 3107 407 3169 Scholiastes
422 3106 564 3187 Aeschyli
586 3107 627 3171 ad
647 3109 678 3170 S.
697 3129 723 3172 e.
744 3108 839 3171 Theb.
862 3107 932 3170 ⁴29.
952 3109 1036 3171 huno
1057 3126 1173 3170 nume-

85 3229 155 3272 mm
172 3221 260 3273 vocat
274 3205 406 3294 ῥυθμὸν
421 3201 620 3296 ὀκτάσημον,
643 3213 715 3292 quia
731 3222 797 3274 ooto
812 3221 949 3293 tempora
965 3213 1067 3274 habet.
1100 3215 1174 3274 llu-

86 3314 139 3376 sioi
153 3313 217 3376 duo
232 3323 405 3376 memorant
418 3332 528 3393 genera
544 3313 735 3395 doolrmiaoa,
760 3315 833 3395 hoo,
858 3314 942 3396 quod
957 3316 1074 3376 metrioi
1088 3333 1173 3395 qno-

89 3435 147 3497 que
159 3420 208 3501 pio
222 3427 342 3496 vocant,
358 3423 389 3478 et
403 3417 489 3498 illud,
504 3417 617 3498 quoda
631 3419 764 3480 metricis
776 3417 965 3496 Glyooneum
979 3417 1169 3499 appellatur:

89 3541 116 3582 v.
134 3516 262 3610 sA'ristid.
281 3519 409 3594 Quintil.
428 3538 459 3598 p.
479 3522 530 3584 39.

171 3725 289 3810 3226.
324 3727 475 3801 Quoniam
495 3737 605 3808 quarta
626 3727 719 3790 huius
741 3729 829 3790 metri
850 3726 968 3808 syllaba
983 3746 1097 3809 anceps
1111 3739 1169 3810 est,

88 3851 127 3892 ea
141 3850 204 3912 quo
218 3851 287 3896 eam
303 3841 357 3894 aut
371 3833 551 3912 anaorusiu,
574 3840 629 3894 aut
643 3831 743 3894 thesin
759 3851 828 3895 esse
843 3833 1036 3914 intelligitur,
1061 3832 1173 3914 triplex

91 3937 230 4001 constitui
245 3953 395 4000 numerus
410 3933 542 3996 dochmii
557 3943 674 4018 potest:

172 4039 244 4088 uL.
256 4038 262 4126 Ι
274 4033 325 4086 02.

173 4142 273 4190 vLLu
286 4141 291 4228 Ι
304 4141 328 4189 .'.

172 4238 359 4334 υέΙ-’.Ιῦέ
