2930 4962
552 373 589 416 ne
604 373 760 416 ruosonm.
1163 354 1202 414 27

114 529 208 588 etiam
232 527 440 605 corripiuntur
466 527 561 590 simul
584 527 798 606 pronuntiatae
822 525 943 588 vocales
964 533 1116 604 sequente
1144 525 1204 588 alia

115 631 230 706 vocali,
250 628 307 690 sed
322 630 374 690 vix
390 629 479 690 aliter
493 647 587 708 quam
604 631 635 692 iu
650 627 788 694 secunda
803 627 919 707 dactyli
934 628 1072 709 syllaba:

203 743 346 832 δενδρέῳ
363 740 568 834 ἐφεζόμενοι.

114 873 192 931 Nam
210 869 294 950 quod
310 868 394 950 apud
409 869 576 932 Hesiodum
591 879 640 931 cst
654 871 690 938 i).
711 877 741 930 et
756 869 791 931 D.
812 872 884 930 lilii.

193 978 329 1074 Ἄσκρῃ,
345 987 445 1070 χεῖμα
460 989 555 1074 κακῇ,
574 984 669 1072 θέρει
686 979 840 1074 ἀργαλέῃ,
857 979 1027 1052 οὐδέποτ’
1045 983 1162 1074 ἐσθλῇ,

115 1113 145 1172 in
162 1133 199 1173 eo
219 1112 323 1172 nescio
346 1130 386 1172 an
408 1103 539 1194 nonin,
566 1110 713 1196 sedpov
737 1109 961 1172 contrahendae
984 1111 1056 1172 siut.
1091 1111 1204 1170 Vsitata
1330 1177 1333 1184 ,

77 1259 79 1264 -
113 1217 195 1276 onim
214 1225 245 1276 et
262 1222 383 1295 recepta
399 1215 491 1276 etiam
508 1213 592 1294 apud
607 1210 722 1276 Atticos
746 1223 793 1276 est
813 1214 1053 1295 synecphonosis
1069 1214 1100 1273 in
1117 1201 1138 1297 ἢ
1154 1201 1204 1292 eii,

111 1311 157 1402 μὴ
190 1307 250 1386 od,
275 1309 321 1398 μή
348 1308 493 1394 εἰδέναι,
516 1327 583 1379 tum
605 1319 697 1379 etiam
721 1318 752 1378 in
773 1309 850 1379 ἐπεὶ
871 1305 920 1378 aii.
957 1317 1053 1378 Latini
1084 1334 1207 1397 semper

113 1421 340 1502 synecphonesi
356 1429 504 1498 utuntur,
532 1430 567 1482 ut
582 1419 671 1482 hodie
687 1419 770 1481 Itali:
797 1422 857 1481 nisi
879 1419 962 1500 quod
977 1441 993 1482 e
1007 1421 1040 1481 in
1054 1419 1204 1502 particula

119 1545 172 1605 qam
186 1543 263 1585 vere
287 1523 393 1585 elisam
416 1541 485 1586 esso
508 1533 657 1604 sequente
673 1523 769 1586 vocali
790 1509 938 1584 credibile
961 1532 1017 1584 est.
1051 1523 1149 1584 Etiam
1173 1525 1205 1584 in

118 1628 225 1690 mediis
245 1627 375 1688 vocibus
397 1625 543 1708 frequens
566 1626 650 1708 apud
673 1627 811 1688 scenicos
826 1626 949 1688 Latinos
965 1625 1206 1708 synecphonesis

115 1740 178 1811 est,
199 1740 236 1792 ut
251 1749 344 1807 meus,
365 1738 444 1806 tuus,
463 1731 538 1806 eius,
558 1730 660 1792 liuius.

202 1937 226 2017 ᾧ
241 1933 293 2003 91.
321 1939 481 1999 Perrarum
498 1945 545 1998 est
560 1935 640 1999 duas
656 1936 767 1998 breves
780 1938 900 1999 vocales
913 1955 972 2018 per
986 1939 1206 2018 synecphone-
1296 1941 1302 1959 ⁶

121 2044 170 2101 sin
193 2042 367 2102 coniunctas
397 2041 517 2119 corripi.
558 2037 655 2102 affert
676 2041 862 2120 Hephaestio
883 2041 995 2121 aliique
1017 2043 1206 2120 grammatici

122 2143 266 2206 Praxillae
281 2161 425 2242 versum:

202 2253 289 2325 ἀλλὰ
304 2255 379 2334 τεὸν
394 2251 519 2327 adnoto
534 2256 644 2344 θυμὸν
661 2255 708 2326 ἐνὶ
724 2257 904 2348 στήθεσσιν
920 2257 1072 2327 ἔπειθον.

113 2387 214 2447 Etiam
238 2383 390 2448 Pindarus
413 2384 498 2466 Pyth.
518 2385 540 2447 Ι.
561 2386 600 2446 56
621 2383 718 2468 (tot).
744 2386 926 2466 corripuisse
946 2387 1032 2446 visus
1055 2395 1102 2446 est
1123 2380 1206 2460 θεὸς

114 2487 384 2568 monosyllabum,
411 2485 467 2548 sed
489 2486 574 2549 lalso.
610 2490 813 2550 Inveniuntur
835 2487 891 2548 hae
914 2485 994 2549 duae
1018 2487 1139 2550 vocales
1163 2489 1204 2549 ibi

111 2593 176 2654 iere
199 2591 294 2652 simul
317 2593 547 2672 pronuntiatae,
581 2591 636 2652 ubi
660 2593 769 2670 positio
796 2590 949 2672 syllabam
973 2592 1092 2670 longam
1121 2591 1201 2654 iacit.

113 2697 262 2758 Ceterum
278 2693 440 2776 diligenter
454 2697 485 2755 in
501 2695 559 2756 hoc
575 2703 635 2755 toto
651 2715 763 2774 genere
781 2693 965 2772 videndum,
989 2694 1065 2773 quid
1081 2696 1204 2773 elegans

115 2800 160 2880 sit,
182 2807 215 2860 et
231 2797 361 2860 auribus
378 2797 567 2860 iucundum:
587 2795 626 2858 dc
642 2817 702 2878 qua
720 2816 752 2859 re
769 2795 921 2878 quaedam
937 2797 1057 2860 monuit
1072 2797 1205 2860 Naoldus

113 2904 142 2965 in
159 2903 241 2964 libro
257 2899 296 2964 de
312 2899 451 2964 Choerilo
465 2921 497 2983 p.
516 2901 586 2964 lli.
607 2919 693 2984 seqq.

201 3109 226 3190 ᾗ
241 3105 296 3172 92.
324 3109 432 3170 liarior
439 3117 486 3170 est
496 3110 737 3190 synecphonesis
744 3107 862 3172 litterae
874 3129 893 3170 o
905 3127 976 3170 cum
988 3109 1047 3170 alia
1056 3119 1205 3190 sequente

115 3214 226 3291 vocali,
247 3213 359 3274 usitata
375 3211 427 3274 illa
439 3211 565 3292 quidem
582 3213 613 3273 in
625 3213 747 3292 dativis,
767 3221 803 3274 ut
814 3203 916 3276 νέκυι.
943 3213 1102 3274 invonitur
1113 3213 1205 3274 etiam

112 3319 144 3378 iu
166 3303 324 3398 Ἐρινύων
350 3315 434 3397 apud
457 3317 561 3397 Eurip.
588 3317 654 3397 lph.
673 3319 707 3378 Τ.
729 3319 800 3377 394.
822 3319 894 3376 970.
917 3316 1023 3394 libb„
1050 3316 1082 3375 in
1105 3307 1206 3400 ἡδυσ-

112 3413 201 3499 σμός
222 3421 252 3480 in
279 3416 430 3482 Ammiani
452 3422 548 3500 epigr.
569 3419 642 3500 20.‚
668 3421 700 3481 in
722 3415 818 3481 δυοῖν
840 3416 926 3497 apud
948 3419 1041 3498 Soph.
1068 3417 1144 3480 Oed.
1166 3422 1201 3481 a.

115 3525 189 3584 (iio.
237 3523 425 3602 Suspectum
454 3531 557 3584 autem
586 3515 706 3606 γενύων
732 3521 817 3603 apud
843 3521 930 3583 Pind.
961 3521 1049 3602 Pytb.
1074 3523 1121 3584 lV.
1145 3524 1199 3583 lot

118 3626 219 3708 (⁶225).
246 3625 309 3686 Sed
330 3613 412 3686 doro
430 3618 578 3707 ἐρικυδὲς
592 3636 640 3687 est
656 3627 685 3686 in
701 3625 824 3687 oraculo
839 3623 923 3707 apud
938 3621 1125 3686 Herodotum
1141 3627 1201 3687 Vll.

117 3731 189 3790 220.
216 3737 248 3789 et
263 3729 347 3790 alios.
381 3726 473 3807 Apud
489 3731 611 3792 Latinos
634 3731 754 3808 Docta,
780 3747 887 3791 novem
911 3730 1035 3810 saepius
1057 3729 1088 3788 in
1110 3749 1205 3790 unam

117 3831 269 3910 syllabam
286 3833 518 3895 contrahuntur.
554 3835 660 3895 Teutria
675 3841 779 3895 autem
793 3834 886 3894 etiam
902 3832 998 3910 epicis
1016 3831 1204 3910 disyllabum

116 3943 297 4013 usurpetur.

204 4139 297 4222 593.
325 4144 421 4222 Negat
441 4163 453 4203 t
473 4143 720 4222 synecphoucsin
745 4144 845 4206 lacera
860 4143 1013 4206 Personas
1035 4141 1075 4203 ad
1091 4142 1203 4203 Phoen.
1306 4169 1310 4178 =

125 4240 212 4304 tuat.
254 4247 358 4308 liectc.
392 4245 455 4308 Nisi
476 4245 555 4308 lortc
578 4247 611 4308 in
633 4244 823 4327 qtiiltusdam
853 4265 925 4308 curn
948 4239 1007 4312 διὰ
1029 4246 1206 4326 compositis
