2922 4948
468 387 505 428 oa
520 379 694 428 carrinatis
709 383 855 427 cuoarcrs.
1143 367 1207 429 243

108 541 291 622 anapaesti,
307 539 450 618 trochaei,
470 537 575 617 iambi,
595 540 694 618 utqui
709 555 772 599 non
783 545 943 618 canantur,
962 535 1205 618 sedrecitentur,

107 663 217 726 neque
246 663 264 703 a
291 642 400 722 choro,
430 640 487 704 sed
513 661 529 704 a
557 641 730 723 coryphaeo
751 649 805 702 aut
830 642 933 722 aliquo
955 641 1015 702 alio
1035 651 1205 704 cantorum.

109 749 219 810 Latius
250 755 381 808 extensa
411 745 631 824 significatione
660 745 792 806 nominis
822 763 899 808 usus
926 753 974 806 est
994 745 1091 826 Heph.
1117 767 1148 828 p.
1168 745 1209 808 70

113 851 218 934 (tes).

198 1054 325 1139 5666.
356 1058 463 1138 Neque
490 1057 695 1120 stasimum
724 1056 765 1120 ab
789 1077 842 1137 eo,
869 1055 953 1137 quod
975 1058 1121 1120 immotus
1150 1067 1212 1120 stet

111 1164 244 1236 chorae,
271 1161 389 1222 dictum
406 1169 469 1241 est,
495 1159 551 1222 sed
566 1159 649 1241 quod
665 1180 682 1221 a
699 1162 791 1222 chom
806 1179 867 1222 non
884 1159 1047 1223 accedente
1062 1165 1207 1243 primum,

113 1276 142 1326 et
157 1265 293 1328 ordines
309 1265 498 1344 explicante,
522 1263 577 1326 sed
601 1267 662 1325 inm
679 1273 802 1326 tenente
817 1265 964 1326 stationes
982 1283 1056 1327 suas
1071 1275 1207 1328 canatur.

201 1473 228 1556 ξ
243 1470 326 1538 667.
354 1474 525 1552 Vtrumque
537 1491 634 1552 genus
646 1472 704 1532 hoc
715 1491 878 1534 commune
889 1473 1014 1552 habent,
1030 1472 1114 1556 quod
1126 1476 1213 1538 anti-

115 1579 275 1659 strophica
299 1585 390 1656 sunt,
416 1575 594 1656 etquidem
619 1577 676 1653 ita,
702 1584 737 1635 ut
759 1577 914 1658 stropham
939 1579 1041 1639 statim
1066 1587 1215 1657 sequatur

117 1681 333 1762 antistropha,
359 1681 502 1760 strophae
525 1681 610 1760 ipsae
626 1688 728 1739 autem
746 1681 826 1740 inter
840 1699 873 1742 se
889 1680 1030 1744 diversae
1053 1683 1132 1762 sint,
1158 1681 1214 1756 hoc

117 1786 227 1848 modo:
257 1787 303 1847 α’.
324 1785 367 1846 α’.
386 1779 428 1865 β’.
447 1777 489 1865 β’.
510 1777 547 1866 γ’.
568 1776 606 1866 γ’.

204 1989 330 2074 9668.
363 1990 532 2053 Proodus
562 1992 595 2052 in
624 2002 734 2052 neutro
761 2009 872 2070 genere
902 2002 1048 2072 usurpata
1072 1989 1210 2055 videtur:

122 2095 280 2176 epodus
304 2115 365 2157 nou
381 2106 429 2158 est
446 2096 627 2157 necessaria.
661 2093 855 2157 hiesodum
872 2115 933 2156 non
951 2093 1013 2157 vidi
1029 2099 1059 2158 in
1075 2100 1211 2177 stasimo,

122 2200 179 2260 nisi
195 2201 228 2261 in
245 2201 359 2262 Oreste
374 2219 403 2261 v.
424 2201 618 2261 cet-833.

209 2405 295 2474 669.
323 2406 488 2490 Epodus
504 2417 534 2468 et
550 2409 580 2469 iu
597 2405 713 2488 paredo
732 2407 831 2468 iocum
844 2407 949 2489 hahet,
964 2415 1000 2472 ut
1015 2410 1046 2470 in
1055 2410 1217 2490 Hippolyto

126 2511 199 2570 etin
216 2513 375 2594 iphigenia
392 2510 568 2592 Aulidensi,
596 2519 626 2572 et
642 2513 673 2572 in
690 2513 826 2573 stasimo.
859 2511 921 2574 Sed
941 2511 1093 2594 quaedam
1109 2512 1217 2595 paredi

126 2612 223 2684 ¹uideri
245 2624 381 2697 possunt
401 2613 534 2698 epodum
557 2616 648 2677 etiam
672 2617 704 2676 in
721 2615 822 2678 medio
842 2616 972 2697 habere,
996 2625 1033 2679 ut
1053 2617 1085 2678 in
1104 2617 1212 2695 Persis,

126 2715 156 2775 in
169 2714 419 2800 Agamemnone,
444 2721 476 2780 in
491 2720 674 2782 Phoenissis.
706 2717 747 2782 At
761 2719 800 2781 de
823 2719 871 2780 his
886 2721 930 2782 sic
947 2722 1050 2801 potius
1072 2729 1218 2784 statuen—
1269 2802 1271 2810 .

130 2816 213 2902 dum,
230 2822 334 2903 epodo
346 2823 425 2884 finiri
435 2823 605 2904 paredum3
625 2831 691 2887 tum
707 2822 875 2888 succedere
885 2826 1058 2888 Stasimum.
1085 2825 1118 2888 in
1131 2825 1220 2906 iphi-

130 2926 214 3000 genia
231 2925 396 2990 hulidensi
411 2945 492 3006 quae
514 2936 584 3009 post
606 2927 741 3008 epodum
756 2947 774 2989 a
791 2947 821 2990 v.
841 2929 914 2992 234.
933 2929 1087 3010 leguntur,
1106 2948 1220 2992 recen-

131 3025 211 3089 tioris
234 3033 369 3111 eiusque
386 3029 475 3093 vaide
495 3032 591 3113 inepti
607 3040 715 3112 poetae
737 3051 848 3095 versus
863 3042 947 3095 sunt.
973 3035 1044 3096 Veri
1059 3035 1158 3095 simile
1174 3043 1221 3095 est

132 3133 271 3213 strophas
287 3154 351 3195 non
366 3143 461 3204 atoto
472 3135 573 3216 choro,
593 3134 649 3198 scd
664 3136 712 3196 vei
728 3135 769 3198 ab
783 3136 978 3200 hemichoriis
989 3137 1039 3198 vei
1051 3137 1091 3198 ah
1106 3139 1223 3218 aliquot

134 3237 312 3301 cantoribus
333 3247 472 3300 cantatas
494 3257 579 3320 esse,
606 3257 767 3320 quumque
789 3239 902 3303 chorus
925 3241 1059 3319 tragicus
1081 3249 1221 3302 cantores

135 3333 275 3404 hahuerit
303 3343 497 3422 quindecim,
523 3341 670 3404 credibile
695 3354 742 3405 εει
765 3345 877 3424 quinos
906 3343 1081 3424 stropham,
1110 3344 1221 3422 quinos

138 3443 374 3527 antistropham,
406 3447 516 3527 quinos
544 3444 678 3528 epodum
708 3448 864 3509 cecinisse.
910 3449 996 3521 Quae
1026 3447 1058 3508 in
1085 3445 1240 3530 Agame*

139 3559 247 3609 mnone
270 3571 288 3612 a
311 3570 343 3613 v.
369 3551 440 3612 483.
466 3548 585 3631 epodus
607 3559 672 3632 est,
698 3571 766 3612 eam
789 3560 935 3632 quattuor
956 3549 1118 3633 deinceps,
1145 3552 1223 3614 alius

141 3646 230 3712 alium
246 3655 451 3736 excipientes,
471 3672 580 3716 canere
596 3654 757 3738 videntur,
781 3665 900 3718 tacente
915 3657 969 3737 qui
985 3654 1106 3720 medius
1121 3655 1225 3719 stabat

143 3757 317 3835 fflrypmeo.

225 3962 339 4044 §67st
366 3967 432 4029 Non
447 3966 571 4030 videtur
585 3965 721 4030 dubitari
737 3987 844 4050 posse,
871 3971 947 4050 quin
962 3967 1178 4047 antistrophioa
1194 3977 1225 4032 et

147 4062 265 4138 epodica
286 4072 472 4133 canticorum
498 4072 678 4152 compositio
703 4091 773 4133 cam
795 4074 886 4134 certis
907 4073 990 4135 chori
1012 4073 1043 4132 in
1071 4069 1224 4134 orchestra

47 4163 50 4236 ’τ
150 4167 332 4256 Siitionibus,
345 4173 485 4236 eamdem
493 4173 699 4237 reiereutihus
707 4176 934 4257 aequalitatem,
946 4175 1107 4239 coniuncta
1119 4174 1221 4238 inerit.

49 4289 51 4344 g
150 4261 389 4356 ltaqueepodioo
405 4280 531 4340 siceota
548 4281 714 4358 suspicere,
733 4290 769 4340 ut
783 4279 904 4359 chorus,
924 4277 1000 4340 dum
1017 4279 1158 4358 strophas
1174 4290 1227 4341 at-

965 4398 1022 4447 tt*
