<?xml version="1.0" encoding="UTF-8"?>
<!DOCTYPE html PUBLIC "-//W3C//DTD XHTML 1.0 Transitional//EN"
    "http://www.w3.org/TR/xhtml1/DTD/xhtml1-transitional.dtd">
<html xmlns="http://www.w3.org/1999/xhtml" xml:lang="en" lang="en">
 <head>
  <title>
</title>
<meta http-equiv="Content-Type" content="text/html;charset=utf-8" />
  <meta name='ocr-system' content='tesseract 3.04.00' />
  <meta name='ocr-capabilities' content='ocr_page ocr_carea ocr_par ocr_line ocrx_word'/>
</head>
<body>
  <div class='ocr_page' id='page_1' title='image "./doctrinaemetric00hermgoog/doctrinaemetric00hermgoog_0138.png"; bbox 0 0 2896 4960; ppageno 0'>
   <div class='ocr_carea' id='block_1_1' title="bbox 478 409 1194 470">
    <p class='ocr_par' dir='ltr' id='par_1_1' title="bbox 478 409 1194 470">
     <span class='ocr_line' id='line_1_1' title="bbox 478 409 1194 470; baseline 0.003 -4"><span class='ocrx_word' id='word_1_1' title='bbox 478 426 515 467; x_wconf 84' lang='lat' dir='ltr'><strong>nn</strong></span> <span class='ocrx_word' id='word_1_2' title='bbox 530 425 663 468; x_wconf 75' lang='lat' dir='ltr'><strong>masmvs</strong></span> <span class='ocrx_word' id='word_1_3' title='bbox 679 427 821 470; x_wconf 71' lang='lat' dir='ltr'><strong>ironicis.</strong></span> <span class='ocrx_word' id='word_1_4' title='bbox 1135 409 1194 468; x_wconf 81' lang='lat'><strong>115</strong></span> 
     </span>
    </p>
   </div>
   <div class='ocr_carea' id='block_1_2' title="bbox 106 569 1325 658">
    <p class='ocr_par' dir='ltr' id='par_1_2' title="bbox 106 569 1325 658">
     <span class='ocr_line' id='line_1_2' title="bbox 106 569 1325 658; baseline 0.002 -20"><span class='ocrx_word' id='word_1_5' title='bbox 106 595 336 658; x_wconf 86' lang='lat' dir='ltr'><strong>quemeumque</strong></span> <span class='ocrx_word' id='word_1_6' title='bbox 357 577 471 657; x_wconf 90' lang='lat' dir='ltr'><strong>pedem</strong></span> <span class='ocrx_word' id='word_1_7' title='bbox 495 577 692 658; x_wconf 73' lang='lat' dir='ltr'><strong>disyllabum·</strong></span> <span class='ocrx_word' id='word_1_8' title='bbox 725 578 773 639; x_wconf 87' lang='lat' dir='ltr'><strong>Ex</strong></span> <span class='ocrx_word' id='word_1_9' title='bbox 795 596 856 658; x_wconf 89' lang='lat' dir='ltr'><strong>quo</strong></span> <span class='ocrx_word' id='word_1_10' title='bbox 878 587 1021 658; x_wconf 88' lang='lat' dir='ltr'><strong>apparet,</strong></span> <span class='ocrx_word' id='word_1_11' title='bbox 1046 597 1115 641; x_wconf 89' lang='lat' dir='ltr'><strong>esse</strong></span> <span class='ocrx_word' id='word_1_12' title='bbox 1137 580 1193 641; x_wconf 92' lang='lat' dir='ltr'><strong>hos</strong></span> <span class='ocrx_word' id='word_1_13' title='bbox 1321 569 1325 580; x_wconf 79' lang='grc'>’</span> 
     </span>
    </p>
   </div>
   <div class='ocr_carea' id='block_1_3' title="bbox 104 680 1191 764">
    <p class='ocr_par' dir='ltr' id='par_1_3' title="bbox 104 680 1191 764">
     <span class='ocr_line' id='line_1_3' title="bbox 104 680 1191 764; baseline -0.002 -20"><span class='ocrx_word' id='word_1_14' title='bbox 104 699 218 744; x_wconf 81' lang='lat' dir='ltr'><strong>versus</strong></span> <span class='ocrx_word' id='word_1_15' title='bbox 245 680 413 761; x_wconf 81' lang='lat' dir='ltr'><strong>dactylicos</strong></span> <span class='ocrx_word' id='word_1_16' title='bbox 434 702 504 744; x_wconf 91' lang='lat' dir='ltr'><strong>cum</strong></span> <span class='ocrx_word' id='word_1_17' title='bbox 526 682 603 744; x_wconf 89' lang='lat' dir='ltr'><strong>basi.</strong></span> <span class='ocrx_word' id='word_1_18' title='bbox 641 683 824 744; x_wconf 79' lang='lat' dir='ltr'><strong>scholiastes</strong></span> <span class='ocrx_word' id='word_1_19' title='bbox 845 682 1077 760; x_wconf 80' lang='lat' dir='ltr'>Hephaestionis</span> <span class='ocrx_word' id='word_1_20' title='bbox 1099 701 1131 764; x_wconf 91' lang='lat' dir='ltr'><strong>p.</strong></span> <span class='ocrx_word' id='word_1_21' title='bbox 1152 683 1191 743; x_wconf 79' lang='lat'><strong>90</strong></span> 
     </span>
    </p>
   </div>
   <div class='ocr_carea' id='block_1_4' title="bbox 109 783 1308 866">
    <p class='ocr_par' dir='ltr' id='par_1_4' title="bbox 109 783 1308 866">
     <span class='ocr_line' id='line_1_4' title="bbox 109 783 1308 866; baseline 0.002 -20"><span class='ocrx_word' id='word_1_22' title='bbox 109 783 209 866; x_wconf 74' lang='lat' dir='ltr'><strong>(tit).</strong></span> <span class='ocrx_word' id='word_1_23' title='bbox 229 787 320 847; x_wconf 92' lang='lat' dir='ltr'><strong>etiam</strong></span> <span class='ocrx_word' id='word_1_24' title='bbox 336 785 491 866; x_wconf 86' lang='lat' dir='ltr'><strong>spondeos</strong></span> <span class='ocrx_word' id='word_1_25' title='bbox 504 805 561 866; x_wconf 89' lang='lat' dir='ltr'><strong>pro</strong></span> <span class='ocrx_word' id='word_1_26' title='bbox 577 784 707 865; x_wconf 83' lang='lat' dir='ltr'><strong>dactylis</strong></span> <span class='ocrx_word' id='word_1_27' title='bbox 722 787 865 866; x_wconf 79' lang='lat' dir='ltr'><strong>agnoscit.</strong></span> <span class='ocrx_word' id='word_1_28' title='bbox 892 785 1043 848; x_wconf 80' lang='lat' dir='ltr'><strong>Videntur</strong></span> <span class='ocrx_word' id='word_1_29' title='bbox 1057 785 1120 850; x_wconf 92' lang='lat' dir='ltr'><strong>duo</strong></span> <span class='ocrx_word' id='word_1_30' title='bbox 1135 805 1194 866; x_wconf 81' lang='lat' dir='ltr'><strong>ge·</strong></span> <span class='ocrx_word' id='word_1_31' title='bbox 1306 795 1308 799; x_wconf 86' lang='lat'>&#39;</span> 
     </span>
    </p>
   </div>
   <div class='ocr_carea' id='block_1_5' title="bbox 103 887 1195 1884">
    <p class='ocr_par' dir='ltr' id='par_1_5' title="bbox 103 887 1195 1884">
     <span class='ocr_line' id='line_1_5' title="bbox 103 887 1193 970; baseline 0.004 -22"><span class='ocrx_word' id='word_1_32' title='bbox 103 907 181 951; x_wconf 88' lang='lat' dir='ltr'><strong>nera</strong></span> <span class='ocrx_word' id='word_1_33' title='bbox 198 887 412 952; x_wconf 85' lang='lat' dir='ltr'><strong>constituenda</strong></span> <span class='ocrx_word' id='word_1_34' title='bbox 427 909 495 952; x_wconf 89' lang='lat' dir='ltr'><strong>esse</strong></span> <span class='ocrx_word' id='word_1_35' title='bbox 516 890 625 952; x_wconf 91' lang='lat' dir='ltr'><strong>horum</strong></span> <span class='ocrx_word' id='word_1_36' title='bbox 641 908 800 968; x_wconf 89' lang='lat' dir='ltr'><strong>versuum,</strong></span> <span class='ocrx_word' id='word_1_37' title='bbox 825 889 867 970; x_wconf 90' lang='lat' dir='ltr'><strong>id,</strong></span> <span class='ocrx_word' id='word_1_38' title='bbox 893 908 955 970; x_wconf 90' lang='lat' dir='ltr'><strong>quo</strong></span> <span class='ocrx_word' id='word_1_39' title='bbox 970 891 1077 952; x_wconf 87' lang='lat' dir='ltr'><strong>Dorica</strong></span> <span class='ocrx_word' id='word_1_40' title='bbox 1092 891 1193 970; x_wconf 87' lang='lat' dir='ltr'><strong>poesis</strong></span> 
     </span>
     <span class='ocr_line' id='line_1_6' title="bbox 104 991 1190 1074; baseline 0.003 -21"><span class='ocrx_word' id='word_1_41' title='bbox 104 1011 163 1053; x_wconf 91' lang='lat' dir='ltr'><strong>usa</strong></span> <span class='ocrx_word' id='word_1_42' title='bbox 179 1001 236 1072; x_wconf 89' lang='lat' dir='ltr'><strong>est,</strong></span> <span class='ocrx_word' id='word_1_43' title='bbox 264 1011 359 1072; x_wconf 87' lang='lat' dir='ltr'><strong>quam</strong></span> <span class='ocrx_word' id='word_1_44' title='bbox 375 994 498 1073; x_wconf 91' lang='lat' dir='ltr'><strong>sequuti</strong></span> <span class='ocrx_word' id='word_1_45' title='bbox 512 1002 587 1055; x_wconf 91' lang='lat' dir='ltr'><strong>sunt</strong></span> <span class='ocrx_word' id='word_1_46' title='bbox 601 993 713 1055; x_wconf 86' lang='lat' dir='ltr'><strong>scenici</strong></span> <span class='ocrx_word' id='word_1_47' title='bbox 726 1001 835 1074; x_wconf 92' lang='lat' dir='ltr'><strong>poetae</strong></span> <span class='ocrx_word' id='word_1_48' title='bbox 849 991 1030 1072; x_wconf 82' lang='lat' dir='ltr'><strong>Atticorum,</strong></span> <span class='ocrx_word' id='word_1_49' title='bbox 1057 1001 1088 1054; x_wconf 90' lang='lat' dir='ltr'><strong>et</strong></span> <span class='ocrx_word' id='word_1_50' title='bbox 1103 993 1190 1074; x_wconf 92' lang='lat' dir='ltr'><strong>illud,</strong></span> 
     </span>
     <span class='ocr_line' id='line_1_7' title="bbox 105 1093 1195 1178; baseline -0.001 -20"><span class='ocrx_word' id='word_1_51' title='bbox 105 1094 192 1175; x_wconf 78' lang='lat' dir='ltr'><strong>quod</strong></span> <span class='ocrx_word' id='word_1_52' title='bbox 213 1093 380 1160; x_wconf 87' lang='lat' dir='ltr'><strong>Aeolenses</strong></span> <span class='ocrx_word' id='word_1_53' title='bbox 402 1096 490 1177; x_wconf 87' lang='lat' dir='ltr'><strong>lyrici</strong></span> <span class='ocrx_word' id='word_1_54' title='bbox 515 1105 715 1178; x_wconf 84' lang='lat' dir='ltr'><strong>usurparunt.</strong></span> <span class='ocrx_word' id='word_1_55' title='bbox 752 1097 859 1158; x_wconf 87' lang='lat' dir='ltr'><strong>Dorica</strong></span> <span class='ocrx_word' id='word_1_56' title='bbox 883 1097 935 1158; x_wconf 93' lang='lat' dir='ltr'><strong>illa</strong></span> <span class='ocrx_word' id='word_1_57' title='bbox 961 1097 1062 1176; x_wconf 89' lang='lat' dir='ltr'><strong>poesis</strong></span> <span class='ocrx_word' id='word_1_58' title='bbox 1085 1095 1195 1158; x_wconf 88' lang='lat' dir='ltr'><strong>abasi</strong></span> 
     </span>
     <span class='ocr_line' id='line_1_8' title="bbox 104 1197 1193 1282; baseline -0.001 -22"><span class='ocrx_word' id='word_1_59' title='bbox 104 1199 320 1278; x_wconf 81' lang='lat' dir='ltr'><strong>pyrrhichium</strong></span> <span class='ocrx_word' id='word_1_60' title='bbox 341 1197 491 1279; x_wconf 83' lang='lat' dir='ltr'><strong>excludit,</strong></span> <span class='ocrx_word' id='word_1_61' title='bbox 518 1199 590 1266; x_wconf 87' lang='lat' dir='ltr'><strong>solis</strong></span> <span class='ocrx_word' id='word_1_62' title='bbox 612 1199 731 1280; x_wconf 88' lang='lat' dir='ltr'><strong>iambo,</strong></span> <span class='ocrx_word' id='word_1_63' title='bbox 757 1200 914 1280; x_wconf 83' lang='lat' dir='ltr'><strong>trochaeo,</strong></span> <span class='ocrx_word' id='word_1_64' title='bbox 940 1198 1077 1282; x_wconf 88' lang='lat' dir='ltr'><strong>spondeo</strong></span> <span class='ocrx_word' id='word_1_65' title='bbox 1091 1199 1193 1260; x_wconf 89' lang='lat' dir='ltr'><strong>locum</strong></span> 
     </span>
     <span class='ocr_line' id='line_1_9' title="bbox 107 1291 1195 1385; baseline 0.001 -22"><span class='ocrx_word' id='word_1_66' title='bbox 107 1291 296 1382; x_wconf 85' lang='lat' dir='ltr'><strong>concedens,</strong></span> <span class='ocrx_word' id='word_1_67' title='bbox 322 1311 393 1384; x_wconf 92' lang='lat' dir='ltr'><strong>post</strong></span> <span class='ocrx_word' id='word_1_68' title='bbox 411 1302 502 1364; x_wconf 87' lang='lat' dir='ltr'><strong>basin</strong></span> <span class='ocrx_word' id='word_1_69' title='bbox 517 1312 620 1366; x_wconf 86' lang='lat' dir='ltr'><strong>autem</strong></span> <span class='ocrx_word' id='word_1_70' title='bbox 639 1322 696 1385; x_wconf 91' lang='lat' dir='ltr'><strong>pro</strong></span> <span class='ocrx_word' id='word_1_71' title='bbox 711 1303 841 1384; x_wconf 84' lang='lat' dir='ltr'><strong>dactylis</strong></span> <span class='ocrx_word' id='word_1_72' title='bbox 857 1305 949 1366; x_wconf 86' lang='lat' dir='ltr'><strong>ctiam</strong></span> <span class='ocrx_word' id='word_1_73' title='bbox 970 1301 1123 1382; x_wconf 89' lang='lat' dir='ltr'><strong>spondeos</strong></span> <span class='ocrx_word' id='word_1_74' title='bbox 1138 1321 1195 1364; x_wconf 82' lang='lat' dir='ltr'><strong>m—</strong></span> 
     </span>
     <span class='ocr_line' id='line_1_10' title="bbox 107 1405 1190 1490; baseline 0 -24"><span class='ocrx_word' id='word_1_75' title='bbox 107 1407 234 1485; x_wconf 88' lang='lat' dir='ltr'><strong>cipiens.</strong></span> <span class='ocrx_word' id='word_1_76' title='bbox 267 1405 435 1470; x_wconf 77' lang='lat' dir='ltr'><strong>heolcnses</strong></span> <span class='ocrx_word' id='word_1_77' title='bbox 454 1425 528 1469; x_wconf 84' lang='lat' dir='ltr'><strong>vero</strong></span> <span class='ocrx_word' id='word_1_78' title='bbox 548 1407 639 1470; x_wconf 84' lang='lat' dir='ltr'><strong>etiam</strong></span> <span class='ocrx_word' id='word_1_79' title='bbox 654 1408 866 1490; x_wconf 90' lang='lat' dir='ltr'><strong>pyrrhichium</strong></span> <span class='ocrx_word' id='word_1_80' title='bbox 880 1407 914 1468; x_wconf 91' lang='lat' dir='ltr'><strong>in</strong></span> <span class='ocrx_word' id='word_1_81' title='bbox 928 1406 995 1469; x_wconf 91' lang='lat' dir='ltr'><strong>basi</strong></span> <span class='ocrx_word' id='word_1_82' title='bbox 1010 1414 1190 1486; x_wconf 87' lang='lat' dir='ltr'><strong>posuerunt,</strong></span> 
     </span>
     <span class='ocr_line' id='line_1_11' title="bbox 108 1509 1194 1592; baseline -0.001 -21"><span class='ocrx_word' id='word_1_83' title='bbox 108 1517 226 1571; x_wconf 84' lang='lat' dir='ltr'><strong>ceteros</strong></span> <span class='ocrx_word' id='word_1_84' title='bbox 247 1510 344 1592; x_wconf 88' lang='lat' dir='ltr'><strong>pedes</strong></span> <span class='ocrx_word' id='word_1_85' title='bbox 366 1509 512 1572; x_wconf 88' lang='lat' dir='ltr'><strong>videntur</strong></span> <span class='ocrx_word' id='word_1_86' title='bbox 533 1529 628 1591; x_wconf 91' lang='lat' dir='ltr'><strong>puros</strong></span> <span class='ocrx_word' id='word_1_87' title='bbox 647 1511 786 1592; x_wconf 85' lang='lat' dir='ltr'><strong>dactylos</strong></span> <span class='ocrx_word' id='word_1_88' title='bbox 807 1529 957 1573; x_wconf 90' lang='lat' dir='ltr'><strong>servasse.</strong></span> <span class='ocrx_word' id='word_1_89' title='bbox 990 1511 1025 1571; x_wconf 90' lang='lat' dir='ltr'><strong>V.</strong></span> <span class='ocrx_word' id='word_1_90' title='bbox 1046 1509 1194 1570; x_wconf 88' lang='lat' dir='ltr'><strong>Theocriti</strong></span> 
     </span>
     <span class='ocr_line' id='line_1_12' title="bbox 111 1611 1195 1693; baseline -0.002 -17"><span class='ocrx_word' id='word_1_91' title='bbox 111 1631 235 1676; x_wconf 88' lang='lat' dir='ltr'><strong>carmen</strong></span> <span class='ocrx_word' id='word_1_92' title='bbox 257 1615 366 1674; x_wconf 87' lang='lat' dir='ltr'>XXIX.</span> <span class='ocrx_word' id='word_1_93' title='bbox 407 1615 520 1676; x_wconf 89' lang='lat' dir='ltr'><strong>lniuria</strong></span> <span class='ocrx_word' id='word_1_94' title='bbox 542 1615 598 1676; x_wconf 92' lang='lat' dir='ltr'><strong>hos</strong></span> <span class='ocrx_word' id='word_1_95' title='bbox 618 1623 725 1693; x_wconf 84' lang='lat' dir='ltr'><strong>poetas</strong></span> <span class='ocrx_word' id='word_1_96' title='bbox 750 1613 948 1693; x_wconf 88' lang='lat' dir='ltr'><strong>reprehendit</strong></span> <span class='ocrx_word' id='word_1_97' title='bbox 974 1612 1129 1675; x_wconf 87' lang='lat' dir='ltr'><strong>Bentleius</strong></span> <span class='ocrx_word' id='word_1_98' title='bbox 1155 1611 1195 1674; x_wconf 92' lang='lat' dir='ltr'><strong>ad</strong></span> 
     </span>
     <span class='ocr_line' id='line_1_13' title="bbox 110 1714 1195 1798; baseline -0.001 -20"><span class='ocrx_word' id='word_1_99' title='bbox 110 1717 299 1798; x_wconf 78' lang='lat' dir='ltr'><strong>epigramma</strong></span> <span class='ocrx_word' id='word_1_100' title='bbox 319 1719 424 1778; x_wconf 87' lang='lat' dir='ltr'><strong>metris</strong></span> <span class='ocrx_word' id='word_1_101' title='bbox 440 1718 610 1780; x_wconf 90' lang='lat' dir='ltr'><strong>Horatianis</strong></span> <span class='ocrx_word' id='word_1_102' title='bbox 624 1719 659 1778; x_wconf 91' lang='lat' dir='ltr'><strong>in</strong></span> <span class='ocrx_word' id='word_1_103' title='bbox 673 1717 843 1798; x_wconf 85' lang='lat' dir='ltr'><strong>Pasiphaen</strong></span> <span class='ocrx_word' id='word_1_104' title='bbox 857 1719 1023 1798; x_wconf 93' lang='lat' dir='ltr'><strong>scriptum,</strong></span> <span class='ocrx_word' id='word_1_105' title='bbox 1047 1714 1195 1797; x_wconf 84' lang='lat' dir='ltr'><strong>deceptus</strong></span> 
     </span>
     <span class='ocr_line' id='line_1_14' title="bbox 110 1819 460 1884; baseline -0.006 -2"><span class='ocrx_word' id='word_1_106' title='bbox 110 1819 302 1884; x_wconf 76' lang='lat' dir='ltr'><strong>auctoribus</strong></span> <span class='ocrx_word' id='word_1_107' title='bbox 318 1821 460 1882; x_wconf 82' lang='lat' dir='ltr'><strong>metricis</strong></span> 
     </span>
    </p>
   </div>
   <div class='ocr_carea' id='block_1_6' title="bbox 198 2057 1287 2142">
    <p class='ocr_par' dir='ltr' id='par_1_6' title="bbox 198 2057 1287 2142">
     <span class='ocr_line' id='line_1_15' title="bbox 198 2057 1287 2142; baseline -0.002 -14"><span class='ocrx_word' id='word_1_108' title='bbox 198 2057 313 2142; x_wconf 57' lang='lat'>5344.</span> <span class='ocrx_word' id='word_1_109' title='bbox 347 2061 465 2124; x_wconf 88' lang='lat' dir='ltr'><strong>Genera</strong></span> <span class='ocrx_word' id='word_1_110' title='bbox 481 2059 673 2124; x_wconf 83' lang='lat' dir='ltr'><strong>Aeolicorum</strong></span> <span class='ocrx_word' id='word_1_111' title='bbox 699 2080 844 2124; x_wconf 89' lang='lat' dir='ltr'><strong>versuum</strong></span> <span class='ocrx_word' id='word_1_112' title='bbox 862 2063 939 2124; x_wconf 90' lang='lat' dir='ltr'><strong>haec</strong></span> <span class='ocrx_word' id='word_1_113' title='bbox 961 2071 1110 2126; x_wconf 89' lang='lat' dir='ltr'><strong>memorat</strong></span> <span class='ocrx_word' id='word_1_114' title='bbox 1130 2064 1196 2124; x_wconf 88' lang='lat' dir='ltr'><strong>He—</strong></span> <span class='ocrx_word' id='word_1_115' title='bbox 1283 2118 1287 2126; x_wconf 87' lang='lat'><em>.</em></span> 
     </span>
    </p>
   </div>
   <div class='ocr_carea' id='block_1_7' title="bbox 116 2163 1196 2680">
    <p class='ocr_par' dir='ltr' id='par_1_7' title="bbox 116 2163 1196 2350">
     <span class='ocr_line' id='line_1_16' title="bbox 119 2163 1196 2246; baseline 0.002 -21"><span class='ocrx_word' id='word_1_116' title='bbox 119 2163 267 2244; x_wconf 86' lang='lat' dir='ltr'><strong>phaestio:</strong></span> <span class='ocrx_word' id='word_1_117' title='bbox 287 2167 532 2246; x_wconf 81' lang='lat' dir='ltr'><strong>trimetrum,</strong></span> <span class='ocrx_word' id='word_1_118' title='bbox 551 2166 605 2245; x_wconf 89' lang='lat' dir='ltr'><strong>qui</strong></span> <span class='ocrx_word' id='word_1_119' title='bbox 620 2165 733 2227; x_wconf 88' lang='lat' dir='ltr'><strong>rectius</strong></span> <span class='ocrx_word' id='word_1_120' title='bbox 748 2163 878 2228; x_wconf 84' lang='lat' dir='ltr'><strong>dimeter</strong></span> <span class='ocrx_word' id='word_1_121' title='bbox 893 2165 1061 2246; x_wconf 89' lang='lat' dir='ltr'><strong>vocabitur,</strong></span> <span class='ocrx_word' id='word_1_122' title='bbox 1081 2175 1196 2228; x_wconf 90' lang='lat' dir='ltr'><strong>cata-</strong></span> 
     </span>
     <span class='ocr_line' id='line_1_17' title="bbox 116 2267 653 2350; baseline 0.006 -24"><span class='ocrx_word' id='word_1_123' title='bbox 116 2267 302 2331; x_wconf 87' lang='lat' dir='ltr'><strong>lecticum</strong></span> <span class='ocrx_word' id='word_1_124' title='bbox 324 2270 364 2330; x_wconf 91' lang='lat' dir='ltr'><strong>in</strong></span> <span class='ocrx_word' id='word_1_125' title='bbox 385 2267 653 2350; x_wconf 89' lang='lat' dir='ltr'><strong>disyllabum:</strong></span> 
     </span>
    </p>

    <p class='ocr_par' dir='ltr' id='par_1_8' title="bbox 196 2381 716 2474">
     <span class='ocr_line' id='line_1_18' title="bbox 196 2381 716 2474; baseline -0.004 -22"><span class='ocrx_word' id='word_1_126' title='bbox 196 2388 344 2474; x_wconf 78' lang='grc' dir='ltr'><em>θυρωρῷ</em></span> <span class='ocrx_word' id='word_1_127' title='bbox 364 2381 469 2464; x_wconf 80' lang='grc' dir='ltr'><strong><em>πόδες</em></strong></span> <span class='ocrx_word' id='word_1_128' title='bbox 490 2381 716 2474; x_wconf 75' lang='grc' dir='ltr'><strong><em>ἓπνορόγοιοι,</em></strong></span> 
     </span>
    </p>

    <p class='ocr_par' dir='ltr' id='par_1_9' title="bbox 196 2485 715 2574">
     <span class='ocr_line' id='line_1_19' title="bbox 196 2485 715 2574; baseline -0.002 -19"><span class='ocrx_word' id='word_1_129' title='bbox 196 2485 240 2556; x_wconf 81' lang='grc' dir='ltr'><strong>τοὶ</strong></span> <span class='ocrx_word' id='word_1_130' title='bbox 264 2486 302 2554; x_wconf 77' lang='grc' dir='ltr'><strong>δέ</strong></span> <span class='ocrx_word' id='word_1_131' title='bbox 324 2485 482 2574; x_wconf 79' lang='grc' dir='ltr'><strong><em>σάμβαλα</em></strong></span> <span class='ocrx_word' id='word_1_132' title='bbox 503 2485 715 2571; x_wconf 63' lang='lat' dir='ltr'><strong>europalate·</strong></span> 
     </span>
    </p>

    <p class='ocr_par' dir='ltr' id='par_1_10' title="bbox 197 2583 741 2680">
     <span class='ocr_line' id='line_1_20' title="bbox 197 2583 741 2680; baseline 0 -23"><span class='ocrx_word' id='word_1_133' title='bbox 197 2587 358 2680; x_wconf 73' lang='grc' dir='ltr'><strong><em>πίουγμοι</em></strong></span> <span class='ocrx_word' id='word_1_134' title='bbox 380 2590 418 2658; x_wconf 83' lang='grc' dir='ltr'><strong>δέ</strong></span> <span class='ocrx_word' id='word_1_135' title='bbox 440 2585 506 2660; x_wconf 80' lang='grc' dir='ltr'><strong><em>δέκ’</em></strong></span> <span class='ocrx_word' id='word_1_136' title='bbox 529 2583 741 2672; x_wconf 81' lang='grc' dir='ltr'><strong><em>ἐξεπδναοαν.</em></strong></span> 
     </span>
    </p>
   </div>
   <div class='ocr_carea' id='block_1_8' title="bbox 113 2841 1197 3708">
    <p class='ocr_par' dir='ltr' id='par_1_11' title="bbox 113 2841 1197 3031">
     <span class='ocr_line' id='line_1_21' title="bbox 201 2841 1197 2928; baseline -0.003 -18"><span class='ocrx_word' id='word_1_137' title='bbox 201 2841 317 2926; x_wconf 66' lang='lat'>5345.</span> <span class='ocrx_word' id='word_1_138' title='bbox 351 2847 637 2928; x_wconf 76' lang='lat' dir='ltr'><strong>Tetrametrum,</strong></span> <span class='ocrx_word' id='word_1_139' title='bbox 663 2847 777 2908; x_wconf 91' lang='lat' dir='ltr'><strong>rectius</strong></span> <span class='ocrx_word' id='word_1_140' title='bbox 796 2846 984 2928; x_wconf 88' lang='lat' dir='ltr'><strong>trimetrum,</strong></span> <span class='ocrx_word' id='word_1_141' title='bbox 1010 2847 1197 2908; x_wconf 90' lang='lat' dir='ltr'><strong>acatale—</strong></span> 
     </span>
     <span class='ocr_line' id='line_1_22' title="bbox 113 2949 437 3031; baseline -0.003 -21"><span class='ocrx_word' id='word_1_142' title='bbox 113 2957 230 3012; x_wconf 89' lang='lat' dir='ltr'><strong>ctum.</strong></span> <span class='ocrx_word' id='word_1_143' title='bbox 264 2949 404 3031; x_wconf 91' lang='lat' dir='ltr'><strong>Sappho:</strong></span> <span class='ocrx_word' id='word_1_144' title='bbox 434 2952 437 2962; x_wconf 82' lang='lat'><em>&#39;</em></span> 
     </span>
    </p>

    <p class='ocr_par' dir='ltr' id='par_1_12' title="bbox 202 3055 850 3154">
     <span class='ocr_line' id='line_1_23' title="bbox 202 3055 850 3154; baseline 0 -22"><span class='ocrx_word' id='word_1_145' title='bbox 202 3061 278 3154; x_wconf 70' lang='grc' dir='ltr'><strong><em>ἔρος</em></strong></span> <span class='ocrx_word' id='word_1_146' title='bbox 298 3059 327 3130; x_wconf 77' lang='grc' dir='ltr'><strong>δ’</strong></span> <span class='ocrx_word' id='word_1_147' title='bbox 351 3055 431 3132; x_wconf 75' lang='grc' dir='ltr'><strong><em>αὖτέ</em></strong></span> <span class='ocrx_word' id='word_1_148' title='bbox 451 3059 485 3148; x_wconf 84' lang='grc' dir='ltr'><strong>μ’</strong></span> <span class='ocrx_word' id='word_1_149' title='bbox 509 3061 528 3132; x_wconf 88' lang='grc' dir='ltr'><strong><em>δ</em></strong></span> <span class='ocrx_word' id='word_1_150' title='bbox 551 3061 726 3154; x_wconf 81' lang='grc' dir='ltr'><strong><em>λυσιμελὴς</em></strong></span> <span class='ocrx_word' id='word_1_151' title='bbox 748 3066 850 3150; x_wconf 84' lang='grc' dir='ltr'><strong><em>δονεῖ,</em></strong></span> 
     </span>
    </p>

    <p class='ocr_par' dir='ltr' id='par_1_13' title="bbox 201 3161 795 3257">
     <span class='ocr_line' id='line_1_24' title="bbox 201 3161 795 3257; baseline 0.003 -23"><span class='ocrx_word' id='word_1_152' title='bbox 201 3163 423 3256; x_wconf 73' lang='grc' dir='ltr'><strong><em>γλυκύπικρον</em></strong></span> <span class='ocrx_word' id='word_1_153' title='bbox 444 3161 615 3253; x_wconf 76' lang='grc' dir='ltr'><em>ἀμάχανον</em></span> <span class='ocrx_word' id='word_1_154' title='bbox 637 3161 795 3257; x_wconf 78' lang='grc' dir='ltr'><strong><em>δ’ρποτον·</em></strong></span> 
     </span>
    </p>

    <p class='ocr_par' dir='ltr' id='par_1_14' title="bbox 203 3267 866 3362">
     <span class='ocr_line' id='line_1_25' title="bbox 203 3267 866 3362; baseline 0.003 -25"><span class='ocrx_word' id='word_1_155' title='bbox 203 3267 310 3356; x_wconf 70' lang='lat' dir='ltr'><strong>Acti,</strong></span> <span class='ocrx_word' id='word_1_156' title='bbox 337 3271 393 3339; x_wconf 85' lang='grc' dir='ltr'><strong>σοὶ</strong></span> <span class='ocrx_word' id='word_1_157' title='bbox 415 3267 445 3338; x_wconf 79' lang='grc' dir='ltr'><strong>δ’</strong></span> <span class='ocrx_word' id='word_1_158' title='bbox 467 3269 588 3356; x_wconf 75' lang='grc' dir='ltr'><strong><em>ἐμέθεν</em></strong></span> <span class='ocrx_word' id='word_1_159' title='bbox 609 3269 669 3356; x_wconf 79' lang='grc' dir='ltr'><strong>μὲν</strong></span> <span class='ocrx_word' id='word_1_160' title='bbox 691 3267 866 3362; x_wconf 74' lang='grc' dir='ltr'><em>ἀπήχθετο</em></span> 
     </span>
    </p>

    <p class='ocr_par' dir='ltr' id='par_1_15' title="bbox 116 3369 911 3581">
     <span class='ocr_line' id='line_1_26' title="bbox 203 3369 911 3466; baseline -0.003 -24"><span class='ocrx_word' id='word_1_161' title='bbox 203 3370 414 3466; x_wconf 80' lang='grc' dir='ltr'><strong><em>φροντίοδην,</em></strong></span> <span class='ocrx_word' id='word_1_162' title='bbox 438 3373 496 3442; x_wconf 70' lang='lat' dir='ltr'><strong>ont</strong></span> <span class='ocrx_word' id='word_1_163' title='bbox 518 3369 547 3440; x_wconf 77' lang='grc' dir='ltr'><strong>δ’</strong></span> <span class='ocrx_word' id='word_1_164' title='bbox 570 3369 792 3464; x_wconf 70' lang='grc' dir='ltr'><strong><em>Ἀνδρομέδαν</em></strong></span> <span class='ocrx_word' id='word_1_165' title='bbox 813 3377 911 3466; x_wconf 78' lang='grc' dir='ltr'><strong><em>ποτῇ.</em></strong></span> 
     </span>
     <span class='ocr_line' id='line_1_27' title="bbox 116 3497 716 3581; baseline -0.002 -19"><span class='ocrx_word' id='word_1_166' title='bbox 116 3497 248 3562; x_wconf 77' lang='lat' dir='ltr'><strong>Alcaeus</strong></span> <span class='ocrx_word' id='word_1_167' title='bbox 262 3500 348 3581; x_wconf 90' lang='lat' dir='ltr'><strong>apud</strong></span> <span class='ocrx_word' id='word_1_168' title='bbox 363 3500 461 3562; x_wconf 86' lang='lat' dir='ltr'><strong>Schol.</strong></span> <span class='ocrx_word' id='word_1_169' title='bbox 480 3499 594 3561; x_wconf 90' lang='lat' dir='ltr'><strong>Platon.</strong></span> <span class='ocrx_word' id='word_1_170' title='bbox 613 3520 644 3581; x_wconf 91' lang='lat' dir='ltr'><strong>p.</strong></span> <span class='ocrx_word' id='word_1_171' title='bbox 666 3503 716 3562; x_wconf 77' lang='lat' dir='ltr'><strong>hl.</strong></span> 
     </span>
    </p>

    <p class='ocr_par' dir='ltr' id='par_1_16' title="bbox 206 3606 802 3708">
     <span class='ocr_line' id='line_1_28' title="bbox 206 3606 802 3708; baseline -0.003 -24"><span class='ocrx_word' id='word_1_172' title='bbox 206 3608 306 3702; x_wconf 78' lang='grc' dir='ltr'><strong><em>οἶνος,</em></strong></span> <span class='ocrx_word' id='word_1_173' title='bbox 330 3606 357 3682; x_wconf 81' lang='grc' dir='ltr'><strong><em>ὦ</em></strong></span> <span class='ocrx_word' id='word_1_174' title='bbox 380 3613 458 3708; x_wconf 77' lang='grc' dir='ltr'><strong>φίλε</strong></span> <span class='ocrx_word' id='word_1_175' title='bbox 480 3619 557 3699; x_wconf 79' lang='grc' dir='ltr'><strong><em>παῖ,</em></strong></span> <span class='ocrx_word' id='word_1_176' title='bbox 579 3613 637 3684; x_wconf 81' lang='grc' dir='ltr'><strong>καὶ</strong></span> <span class='ocrx_word' id='word_1_177' title='bbox 658 3609 802 3683; x_wconf 69' lang='lat' dir='ltr'><strong>aldeae</strong></span> 
     </span>
    </p>
   </div>
   <div class='ocr_carea' id='block_1_9' title="bbox 121 3867 1201 4364">
    <p class='ocr_par' dir='ltr' id='par_1_17' title="bbox 121 3867 1201 4364">
     <span class='ocr_line' id='line_1_29' title="bbox 206 3867 1201 3952; baseline -0.008 -15"><span class='ocrx_word' id='word_1_178' title='bbox 206 3867 327 3952; x_wconf 66' lang='lat'>5346.</span> <span class='ocrx_word' id='word_1_179' title='bbox 364 3870 675 3951; x_wconf 86' lang='lat' dir='ltr'><strong>Pentametrum,</strong></span> <span class='ocrx_word' id='word_1_180' title='bbox 699 3870 812 3932; x_wconf 87' lang='lat' dir='ltr'><strong>rectius</strong></span> <span class='ocrx_word' id='word_1_181' title='bbox 833 3876 1060 3948; x_wconf 90' lang='lat' dir='ltr'><strong>tetrametrum,</strong></span> <span class='ocrx_word' id='word_1_182' title='bbox 1085 3878 1201 3930; x_wconf 89' lang='lat' dir='ltr'><strong>cata-</strong></span> 
     </span>
     <span class='ocr_line' id='line_1_30' title="bbox 121 3972 664 4054; baseline 0 -20"><span class='ocrx_word' id='word_1_183' title='bbox 121 3973 313 4038; x_wconf 86' lang='lat' dir='ltr'><strong>lecticum</strong></span> <span class='ocrx_word' id='word_1_184' title='bbox 334 3975 373 4036; x_wconf 91' lang='lat' dir='ltr'><strong>in</strong></span> <span class='ocrx_word' id='word_1_185' title='bbox 396 3972 664 4054; x_wconf 87' lang='lat' dir='ltr'><strong>disyllabum:</strong></span> 
     </span>
     <span class='ocr_line' id='line_1_31' title="bbox 206 4081 967 4182; baseline -0.007 -23"><span class='ocrx_word' id='word_1_186' title='bbox 206 4091 270 4180; x_wconf 83' lang='grc' dir='ltr'><strong>τέῳ</strong></span> <span class='ocrx_word' id='word_1_187' title='bbox 294 4086 336 4172; x_wconf 89' lang='lat' dir='ltr'><strong>c&#39;,</strong></span> <span class='ocrx_word' id='word_1_188' title='bbox 360 4081 387 4156; x_wconf 77' lang='lat' dir='ltr'><strong>oi</strong></span> <span class='ocrx_word' id='word_1_189' title='bbox 409 4087 488 4182; x_wconf 77' lang='grc' dir='ltr'><em>φίλε</em></span> <span class='ocrx_word' id='word_1_190' title='bbox 509 4086 646 4177; x_wconf 75' lang='grc' dir='ltr'><strong><em>γαμβρέ,</em></strong></span> <span class='ocrx_word' id='word_1_191' title='bbox 668 4090 779 4167; x_wconf 77' lang='grc' dir='ltr'><strong><em>καλῶς</em></strong></span> <span class='ocrx_word' id='word_1_192' title='bbox 804 4081 967 4168; x_wconf 54' lang='lat' dir='ltr'><strong>hilderici,-</strong></span> 
     </span>
     <span class='ocr_line' id='line_1_32' title="bbox 207 4187 893 4284; baseline -0.007 -22"><span class='ocrx_word' id='word_1_193' title='bbox 207 4192 334 4284; x_wconf 80' lang='grc' dir='ltr'><strong><em>ὅρποκι</em></strong></span> <span class='ocrx_word' id='word_1_194' title='bbox 354 4195 505 4283; x_wconf 75' lang='grc' dir='ltr'><strong><em>βραδινῷ</em></strong></span> <span class='ocrx_word' id='word_1_195' title='bbox 527 4214 565 4259; x_wconf 84' lang='lat' dir='ltr'><strong>ce</strong></span> <span class='ocrx_word' id='word_1_196' title='bbox 585 4187 717 4276; x_wconf 73' lang='grc' dir='ltr'><strong><em>μάλιστ’</em></strong></span> <span class='ocrx_word' id='word_1_197' title='bbox 740 4189 893 4283; x_wconf 79' lang='grc' dir='ltr'><strong><em>έϊκάοδω.</em></strong></span> 
     </span>
     <span class='ocr_line' id='line_1_33' title="bbox 410 4313 997 4364; baseline -0.005 -38"><span class='ocrx_word' id='word_1_198' title='bbox 410 4317 413 4326; x_wconf 90' lang='grc'><strong>,</strong></span> <span class='ocrx_word' id='word_1_199' title='bbox 959 4313 997 4364; x_wconf 76' lang='lat'><strong>8*</strong></span> 
     </span>
    </p>
   </div>
   <div class='ocr_carea' id='block_1_10' title="bbox 0 0 1456 4960">
    <p class='ocr_par' dir='ltr' id='par_1_18' title="bbox 0 0 1456 4960">
     <span class='ocr_line' id='line_1_34' title="bbox 0 0 1456 4960; baseline 0 0"><span class='ocrx_word' id='word_1_200' title='bbox 0 0 1456 4960; x_wconf 95' lang='lat' dir='ltr'><strong> </strong></span> 
     </span>
    </p>
   </div>
  </div>
 </body>
</html>
