2930 4962
379 407 415 450 ΒΕ
431 407 558 451 linteis
574 407 730 450 annrtrttls
746 408 947 450 lelrttecrrs.
1168 391 1206 450 53

118 579 282 624 caesuram
297 561 431 622 habente
445 563 477 624 iu
494 562 555 623 fine
570 559 699 623 secundi
715 559 815 642 pedis,
830 562 913 623 arsin
928 561 1022 623 huius
1037 559 1125 641 pedis
1141 562 1207 622 sol-

118 672 218 742 vunt,
247 664 366 726 etiamsi
388 665 442 744 qui
464 661 578 726 deinde
593 666 734 745 sequitur
749 663 839 744 crdo,
866 684 884 725 a
900 662 1052 744 disyllaba
1066 667 1208 727 anacrusi

118 767 266 849 incipiat:
284 776 383 847 recte,
409 768 481 848 quia
504 769 549 829 sic
568 769 630 830 iam
653 785 715 829 non
734 767 870 830 secunda
886 768 964 830 arsis
979 786 1051 830 cum
1066 786 1207 848 sequen-

118 869 208 933 tibus
230 869 358 950 syllabis
381 878 417 933 ut
437 890 508 933 cum
531 871 610 933 thesi
632 891 690 934 sua
711 873 866 951 cohaeret,
892 869 950 932 sed
971 872 1047 933 istae
1070 871 1208 952 syllabae

119 975 196 1036 novi
211 974 334 1036 numeri
350 975 508 1036 anacrusis
523 982 616 1036 sunt:

210 1074 286 1123 υέυ
300 1111 321 1122 -
345 1074 565 1125 wazo.

285 1210 337 1244 W

118 1299 278 1380 Aristoph.
298 1297 373 1364 Ach.
396 1300 445 1362 17.

208 1393 282 1466 ἀλλ’
298 1393 489 1477 ἀθάνατος·
516 1395 612 1488 ὁγὰρ
628 1392 816 1490 Ἀμφίθεος
829 1397 1007 1490 Δήμητρος
1020 1391 1068 1491 ἦν.

120 1510 186 1572 Pac.
208 1508 284 1568 tto.

209 1602 252 1673 ἰώ
266 1603 423 1694 Μέγαρα,
439 1599 581 1694 Μέγαρ’,
598 1601 644 1686 ὡς
658 1599 878 1697 ἔπιτρίψεοθ’
894 1601 1026 1674 αὐτίκα.

123 1714 198 1778 Vide
221 1713 303 1776 Nub.
325 1715 396 1776 663.
428 1709 503 1775 Acb.
523 1713 595 1774 928.
628 1711 685 1775 Av.
707 1715 778 1775 l08.
812 1713 928 1775 Eccles.
949 1717 1021 1776 3⁴5.
1060 1714 1095 1777 ld
1118 1716 1208 1797 igitur

122 1816 231 1880 eadem
247 1815 323 1898 lege,
350 1817 521 1897 codemque
536 1817 603 1878 iure
618 1818 663 1896 fit,
681 1817 790 1896 quoin
805 1817 950 1896 pluribus
965 1837 1028 1880 uua
1043 1822 1208 1900 perpetui-

123 1929 187 1982 tate
201 1921 385 1983 continuatis
401 1919 545 1982 versibus
560 1938 642 1998 eum,
662 1919 716 2000 qui
730 1919 829 1981 soluta
845 1921 907 1982 arsi
923 1920 1038 2002 finitur,
1053 1921 1207 2004 disyllaba

130 2025 281 2085 anamusis
296 2033 397 2105 potest
412 2025 563 2104 excipere,
582 2031 618 2084 ut
632 2021 665 2082 in
679 2020 811 2085 Acharn.
833 2023 903 2084 tot.

166 2129 169 2135 '
213 2117 389 2212 Εὐριπίδη,
403 2116 615 2209 Εὐριπίδιον,

208 2223 412 2308 ὗπδκουσον,
429 2219 525 2312 εἴπερ
540 2217 673 2292 πώποτ’
689 2217 880 2309 ἀνθρώπων
894 2222 970 2294 τινί.

123 2337 187 2398 Nisi
202 2335 297 2415 priori
311 2333 462 2396 versiculo
482 2331 663 2398 addendum
685 2331 770 2414 quod
790 2333 932 2412 sequitur
950 2324 1022 2397 ἀλλ’
1038 2328 1078 2398 οδ
1094 2332 1206 2418 σχολή

121 2448 157 2503 ut
170 2438 271 2501 voluit
284 2435 480 2499 Fritzschius.

206 2644 232 2727 5
256 2641 331 2710 161.
368 2641 506 2706 Verbum
527 2643 607 2706 inter
629 2641 708 2706 duos
730 2661 840 2705 versus
861 2663 918 2724 per
939 2645 1040 2706 iocum
1063 2643 1205 2710 divisisse
1232 2719 1233 2724 ἵ

120 2751 235 2815 dicitur
249 2747 376 2830 Eupolis
390 2767 441 2829 ap.
460 2744 556 2826 Heph.
575 2765 608 2827 p.
625 2748 664 2808 ll
685 2744 775 2828 (il).

206 2841 280 2914 ἀλλ’
297 2841 371 2930 οὐχὶ
386 2841 524 2914 δυνατόν
539 2841 644 2912 ἔστιν·
665 2839 706 2910 οὔ
722 2841 783 2933 γὰρ
799 2840 885 2912 ἀλλὰ
901 2869 986 2935 προ-

205 2946 376 3036 βούλευμα
391 2945 594 3034 βοοτάζουοι
607 2951 666 3038 τῆς
680 2943 812 3028 πόλεως
825 2946 919 3036 μέγα.

118 3061 154 3122 ld
168 3059 257 3122 nullo
271 3066 359 3139 pacto
375 3054 458 3118 credi
472 3063 582 3135 potest.
615 3056 710 3116 lrnmo
726 3055 850 3119 videtur
864 3058 991 3138 Eupolis
1008 3061 1114 3124 ultima
1129 3081 1205 3124 ver-

120 3183 176 3226 sus
191 3161 314 3243 syllaba
329 3161 361 3221 in
376 3158 456 3221 duas
471 3156 583 3219 breves
598 3156 697 3220 soluta
712 3161 888 3241 scripsisse:

129 3337 133 3346 ¹
206 3254 280 3327 ἀλλ’
297 3252 371 3342 οὐχὶ
386 3253 525 3323 δυνατόν
540 3253 646 3322 ἐστιν·
669 3250 708 3321 οδ
725 3255 785 3346 γὰρ
802 3253 888 3326 ἀλλά
903 3285 937 3328 τι
951 3285 1036 3350 προ-

206 3359 376 3450 βούλευμα
389 3354 595 3446 βαστάζουοι
609 3361 667 3449 τῆς
682 3357 813 3441 πόλεως
825 3361 920 3450 μέγα.

122 3476 173 3538 Sic
187 3474 281 3536 etiam
297 3469 515 3551 Aristophanes
531 3469 607 3529 Ran.
626 3469 717 3530 1203.

85 3627 89 3638 ,
207 3569 266 3637 καὶ
281 3563 446 3656 κωδάριον
461 3562 518 3634 καὶ
533 3559 697 3654 ληκύθιον
711 3565 769 3634 καὶ
785 3564 948 3634 θυλάκιον

210 3671 244 3740 ἒν
259 3675 332 3750 τοῖς
348 3664 562 3756 ἰαμβείοιοιν.

122 3782 271 3865 Apertum
293 3790 342 3841 est
361 3779 420 3841 hoc
441 3796 504 3840 non
526 3795 617 3857 posse
632 3776 698 3840 fieri
712 3778 771 3840 nisi
786 3797 884 3858 quum
898 3783 999 3844 omnia
1022 3803 1084 3846 uno
1098 3793 1203 3847 tenore

124 3884 373 3967 pronuntiantur.

102 4145 106 4158 Ι
208 4069 323 4154 §162
357 4069 536 4151 Spondeum
559 4071 666 4132 Graeci
687 4088 859 4152 numquam
881 4073 912 4134 in
932 4072 1006 4137 sede
1023 4078 1105 4156 pari,
1132 4075 1151 4137 i.
1172 4097 1198 4139 e.

13 4245 14 4248 Ἴ
130 4175 275 4256 secundo,
301 4184 427 4255 quarto,
453 4182 539 4236 sexto
554 4173 635 4253 pede
651 4172 854 4251 admiserunt;
882 4177 978 4237 Latini
994 4195 1085 4257 saepe
1101 4179 1132 4238 in
1148 4199 1203 4240 se-

13 4361 14 4364 *
131 4278 228 4342 cundo
241 4287 274 4343 et
287 4287 412 4360 quarto,
439 4295 611 4358 numquam
625 4278 658 4338 in
673 4285 776 4340 sexto:
803 4277 860 4339 sed
879 4285 988 4340 curant
1001 4279 1044 4340 illi
1059 4279 1202 4358 plerum-
