2896 4960
462 392 498 433 nr
515 391 705 436 rnnrrunrno
721 391 871 434 maciaco.
1149 373 1209 435 113

210 539 328 622 §335-
354 545 491 606 Nonnisi
506 546 638 607 nominis
653 546 767 627 proprii
777 545 956 625 necessitas,
971 551 1003 608 et
1016 545 1110 608 huius
1126 565 1210 626 quo-

122 665 185 726 que
211 649 387 728 compositi,
417 667 565 710 excusare
591 650 812 731 neglectionem
834 669 978 712 caesurae
1001 658 1111 729 potest.
1151 650 1209 712 Vix

119 751 210 814 aliud
224 751 315 814 hodie
331 761 433 814 exstat
447 754 635 835 exemplum,
655 772 749 834 quam
765 754 941 818 Callimachi
956 753 991 816 lr.
1011 755 1083 816 i92.

211 864 286 957 ἱερὰ
309 873 365 935 νῦν
387 868 425 937 δὲ
445 868 692 958 Διοςκουρίὸεω
713 866 815 960 γενεή.

118 992 217 1054 Elisio
232 1013 334 1074 neque
349 995 435 1077 apud
451 997 581 1059 Graecos
596 1015 698 1077 neque
713 995 797 1077 apud
810 997 931 1058 Latinos
947 995 1036 1058 obest
1048 1013 1204 1058 caesurae.

118 1097 273 1178 Meleager
287 1100 351 1160 XII.
374 1102 401 1161 1.

207 1209 267 1280 τὸν
287 1211 529 1303 τριπάνουργον
546 1209 662 1304 ’Ἔρωτ’
686 1211 831 1283 ἔπλασεν
853 1215 887 1283 ἐν
906 1211 1039 1306 κραδίᾳ.

119 1339 233 1404 Catuli.
254 1341 380 1404 LXVIII.
402 1341 452 1403 82.

207 1480 300 1543 quom
315 1463 438 1524 centens
453 1481 515 1522 ono
530 1468 619 1542 atque
635 1461 733 1523 altero
747 1481 858 1525 roaros
873 1461 974 1525 licon.

122 1582 192 1644 vide
207 1582 324 1645 ibidem
342 1603 370 1644 v.
391 1586 441 1644 90.
462 1590 493 1644 et
507 1584 622 1645 LXXV.
643 1585 672 1644 8.
692 1583 754 1647 XC.
775 1585 804 1643 1.

206 1790 230 1871 §
246 1786 323 1855 336.
357 1789 492 1882 Spondei
514 1791 546 1850 in
565 1791 679 1869 prima,
707 1808 767 1850 non
786 1791 818 1851 in
834 1787 970 1852 secunda
985 1799 1073 1870 parte
1088 1789 1206 1852 admit-

122 1902 238 1973 tuntur,
258 1895 331 1974 quia
347 1893 439 1954 finem
454 1895 576 1954 numeri
591 1891 780 1954 commodius
796 1902 827 1954 et
841 1892 960 1955 iacilius
975 1893 1127 1974 incedere,
1143 1912 1205 1956 non

129 1999 224 2076 augeri
239 2005 325 2058 tanto
339 1996 474 2076 pondere
489 1998 641 2058 convenit.

206 2201 322 2285 5337.
348 2205 507 2285 lnelegans
522 2223 632 2267 versus
648 2212 695 2265 est
710 2204 844 2284 singulos
859 2202 956 2285 pedes
971 2205 1099 2284 singulis
1114 2207 1204 2268 voci-

121 2305 180 2370 bus
194 2309 431 2387 comprehensos
446 2307 574 2370 habens.
601 2309 734 2388 Theogn.
757 2309 827 2370 118.
855 2307 965 2372 eatuli.
985 2309 1113 2372 LXXVI.
1134 2312 1162 2370 8.
1181 2312 1187 2324 “

206 2423 322 2504 οὕτως,
349 2421 459 2510 ὥςπερ
481 2428 547 2508 νῦν,
574 2418 708 2502 οὐδενὸς
730 2416 825 2505 ἄξιος
845 2415 885 2490 eI.

206 2559 262 2613 cot
275 2549 390 2631 facere,
410 2550 483 2612 laec
498 2569 518 2611 o
534 2557 560 2611 te
577 2535 714 2631 dictoque
729 2547 871 2630 factaque
886 2557 968 2612 suot.

204 2753 320 2838 §338
358 2759 457 2820 Prima
476 2775 548 2839 pars
569 2774 680 2819 versus
701 2755 865 2836 elegantior
886 2763 934 2816 est
956 2754 1081 2833 vdactylo
1103 2771 1201 2833 spon·
1241 2819 1244 2826 ⁴

117 2861 224 2943 deum,
244 2881 337 2943 quam
354 2860 490 2942 spondeo
505 2859 662 2941 dactylum
678 2858 891 2941 praecedente.
918 2849 922 2856 ⁴

204 2985 264 3046 vic>
279 2986 422 3046 Priamus
438 2983 514 3044 tanti
528 2988 644 3064 totoque
662 2983 750 3044 Troia
765 2979 835 3060 fuit.

203 3105 253 3148 tes
265 3094 311 3149 ‚est
325 3087 443 3148 solliciti
453 3086 546 3168 pleno
562 3087 676 3148 timort's
691 3103 788 3148 omer.

203 3289 319 3374 §339.
353 3294 481 3354 Romani
502 3291 559 3353 hoc
579 3294 611 3354 in
631 3311 721 3353 versu
737 3290 885 3370 elegantia
900 3297 1086 3371 superarunt
1101 3289 1201 3351 Grae-

115 3417 182 3477 cos,
213 3399 347 3459 maxime
368 3395 511 3475 vocibuS,
540 3398 572 3457 in
592 3396 759 3476 posteriore
782 3394 976 3472 potissimum
999 3401 1101 3472 parte,
1131 3402 1201 3473 apte

115 3500 288 3582 dispositis,
315 3502 403 3562 cuius
426 3502 470 3561 rei
490 3501 567 3561 haec
582 3516 690 3558 caussa
705 3506 766 3577 est,
793 3493 877 3576 quod
892 3497 998 3556 Latina
1013 3495 1117 3576 lingua
1139 3515 1201 3558 non

114 3603 210 3665 habet
234 3603 385 3666 vocabula
412 3595 559 3679 ὀξύτονα.
594 3601 739 3662 Omnium
766 3601 890 3660 minime
915 3599 1065 3678 probatur
1089 3617 1201 3662 versus

117 3707 277 3788 trisyllaba
292 3707 442 3769 vocabulo
458 3706 580 3767 finitus:
605 3704 715 3768 Catull.
735 3703 861 3765 LXVIII.
882 3704 932 3763 98.

201 3847 256 3890 333
267 3847 362 3909 prope
377 3835 515 3910 coyootos
530 3826 720 3906 compositum
736 3825 860 3886 ciceret.

115 3950 234 4029 Melior,
262 3947 399 4010 sednon
422 3947 555 4028 optimus
576 3945 722 4025 habetur,
748 3946 802 4025 qui
820 3943 970 4006 vocabulo
991 3951 1136 4024 quattuor
1150 3942 1198 4004 vel
1307 4005 1309 4008 ,

116 4057 255 4136 quinque
270 4049 460 4132 syllabarum
476 4050 666 4111 terminatur.
693 4048 810 4110 Ibidem
827 4069 855 4110 v.
878 4050 927 4109 18.
949 4052 999 4109 66.

202 4191 281 4259 quoe
297 4173 411 4234 (131333
427 4172 510 4232 corta
527 4171 627 4232 meimet
642 4171 822 4231 omoritiem.

203 4279 261 4341 tolo
277 4275 339 4356 soit
352 4274 437 4336 33313
451 4272 584 4334 Manlios
599 4273 764 4334 caecilium.

169 4393 291 4437 Hermanni
300 4393 400 4443 llpiieme
411 4391 480 4432 doctr.
491 4388 602 4430 metricae,
