2930 4962
345 401 382 442 uu
398 399 524 444 tanatem
539 401 695 444 rntnnrnrs
711 401 912 444 ncnrttucrts.
1131 383 1172 444 49

85 549 134 612 ed.
154 551 238 612 Pors.
258 559 290 612 et
307 553 340 614 in
363 553 450 616 Herc.
471 553 529 616 fur.
552 555 623 615 458.
642 563 843 635 augmentum
858 553 999 636 quidem,
1026 553 1080 616 ubi
1099 571 1175 634 gru-

85 656 153 716 vior
168 656 216 715 vis
232 655 263 716 in
279 655 376 718 verbo
391 667 456 718 est:

174 759 234 829 fat
248 764 338 851 τῷδε
352 758 382 829 d’
397 758 534 854 ἠγόρευε
548 761 724 854 Διομήδης
737 757 823 846 άναξ
843 807 845 810 -

175 862 289 933 ἔτεκον
303 865 364 951 μὲν
378 863 476 951 ὑμᾶς,
493 865 673 952 πολεμίοις
687 863 717 934 d'
733 865 941 959 ἐθρεψάμην.
1041 892 1043 897 ·

84 982 164 1046 Vide
180 1002 262 1063 quae
278 982 343 1044 dixi
358 985 389 1044 in
404 983 501 1066 praef.
520 983 626 1065 Eurip.
646 986 717 1046 fiee.
737 1005 768 1066 p.
789 987 840 1048 56.
860 995 890 1048 et
909 987 941 1046 in
963 985 1060 1048 Elem.
1079 985 1110 1048 d.
1132 1005 1172 1048 m.

84 1107 116 1167 p.
140 1067 214 1148 fbf.
235 1087 312 1170 etin
326 1086 514 1168 praefatione
530 1087 727 1151 Baccharum.

173 1308 298 1392 5151.
335 1309 560 1393 hugmentum,
585 1322 620 1375 ut
638 1301 796 1376 Seidlerus
819 1312 1011 1392 observavit,
1038 1314 1177 1374 omittere

87 1416 174 1478 licuit
194 1415 317 1496 tragicis
338 1415 370 1475 in
389 1415 427 1476 iis
446 1416 534 1496 focis,
561 1419 615 1496 qui
630 1415 672 1478 ad
687 1418 843 1497 epicorum
859 1419 1034 1499 exemplum
1051 1417 1177 1479 confor-

90 1519 160 1582 mati
183 1527 276 1598 sunt,
306 1519 413 1598 quales
437 1529 511 1582 sunt
532 1520 710 1582 nuntiorum
731 1522 936 1602 narrationes,
967 1540 1047 1601 quae
1069 1514 1179 1608 ῥήσεις

95 1612 263 1706 άγγελικαὶ
283 1631 449 1684 vocantur:
476 1622 561 1684 unde
580 1623 697 1704 aliquot
716 1643 825 1686 versus
846 1635 1027 1706 anapaesto,
1052 1627 1106 1706 qui
1126 1644 1178 1686 eos

95 1726 230 1807 vitiabat,
250 1725 431 1788 liberantur.
459 1725 535 1788 Vide
550 1727 771 1807 praefationem
787 1727 984 1792 Baccharum.

178 1948 202 2032 ὅ
218 1947 293 2015 152.
327 1951 416 2012 Porro
432 1949 578 2012 tribrachi
593 1967 670 2012 usus
686 1951 716 2010 in
733 1952 899 2015 recentiore
915 1952 1067 2034 tragoedia
1083 1953 1180 2016 multo

100 2053 292 2134 frequentior,
308 2053 467 2136 maiorque
483 2054 606 2117 omuino
622 2053 653 2114 in
669 2055 807 2116 numeris
822 2055 1022 2138 negligentia:
1041 2066 1077 2118 ut
1087 2059 1179 2119 etiam

102 2157 300 2238 tribrachum,
327 2159 380 2238 qui
402 2177 458 2240 pro
481 2157 622 2221 trochaeo
645 2167 706 2238 est,
732 2177 794 2220 non
816 2157 1078 2238 quemadmodum
1095 2162 1180 2221 anti-

97 2262 215 2340 quiores
229 2271 356 2346 poetae,
381 2281 444 2324 uua
465 2269 540 2324 vooe
559 2271 613 2324 aut
632 2261 741 2324 saltem
765 2262 988 2344 praepositione
1011 2273 1043 2326 et
1057 2264 1179 2325 nomine

93 2364 329 2446 comprehendi,
358 2385 386 2426 v.
405 2385 431 2426 e.
452 2354 495 2427 δι’
512 2357 586 2445 ἐμέ,
608 2355 694 2450 ὑπὲρ
716 2357 816 2443 ἐμοῦ,
840 2357 898 2427 διά
915 2357 1038 2451 μάχης,
1062 2365 1118 2428 sed
1141 2385 1180 2426 ex

93 2467 236 2547 pluribus
259 2469 481 2550 cuiuscumque
503 2470 623 2548 generis
650 2467 809 2532 vocabulis
836 2467 901 2530 fieri
927 2470 1011 2548 passi
1039 2470 1114 2528 sint:
1145 2477 1181 2528 ut

92 2573 199 2653 Eurip.
219 2573 273 2634 Or.
294 2571 344 2634 27.
367 2571 417 2632 m.
437 2573 488 2634 99.

179 2673 220 2764 οὐ
237 2679 355 2745 καλὸν·
371 2677 417 2746 ἐῶ
431 2674 520 2745 τοῦτ’
536 2671 667 2770 άσαφὲς
683 2675 717 2746 ἐν
731 2683 834 2766 κοινῷ
849 2680 997 2745 σκοπεῖν.

178 2779 226 2872 μὴ
242 2779 325 2869 napi
340 2779 512 2864 δέχεσθαι,
529 2781 610 2870 prpe
625 2785 835 2873 προςφαινιῖν
849 2779 933 2874 τινά.

181 2881 251 2978 ὀψέ
266 2909 302 2974 ys
317 2885 453 2975 φρονεῖς
468 2874 515 2968 οὗ,
531 2883 607 2952 τότε
622 2880 756 2954 λιποῦά
773 2882 920 2975 αἰσχρῶς
934 2882 1066 2969 δόμους.

182 3111 206 3194 ἦ
225 3109 299 3177 153.
334 3114 533 3192 Satyrious
556 3115 694 3176 trimeter
713 3123 818 3176 servat
838 3115 1016 3196 gravitatem
1034 3115 1136 3196 tragici
1152 3117 1183 3176 in

95 3220 141 3298 iis,
161 3235 244 3300 quae
259 3234 409 3296 personae
424 3217 561 3278 heroicae
578 3217 762 3298 loquuntur:
782 3215 998 3298 sedquoniam
1015 3218 1071 3278 hoe
1085 3235 1183 3297 genus

95 3320 221 3384 fabulae
237 3320 419 3400 gravitatem
431 3339 500 3382 eum
517 3321 582 3383 risu
595 3322 759 3400 coniungit,
774 3320 860 3382 fieuit
874 3322 967 3383 etiam
982 3329 1183 3400 anapaestum

97 3443 157 3486 non
174 3421 267 3504 modo
282 3423 314 3484 in
329 3425 429 3504 primo
444 3422 539 3504 pede,
566 3424 658 3486 etiam
674 3443 713 3484 ex
731 3423 875 3504 pluribus
893 3422 1018 3486 vocibus
1034 3431 1184 3486 constan-

100 3539 170 3608 tem,
187 3525 245 3590 sed
261 3527 293 3587 in
305 3525 406 3588 medio
418 3545 542 3608 quoque
554 3545 649 3590 versu
663 3545 860 3608 quocumque
875 3529 906 3589 in
919 3525 1071 3589 vocabulo
1086 3547 1185 3590 usur-

98 3650 187 3710 pare,
217 3629 275 3692 sed
300 3630 514 3692 tautummodo
536 3630 568 3691 iu
591 3631 772 3710 Satyrorum
795 3631 987 3712 aliarumque
1009 3629 1185 3694 huiusmodi
1282 3699 1286 3706 ¹

99 3751 302 3813 personarum
316 3732 522 3796 sermonibus.
549 3731 625 3796 Vide
638 3733 860 3815 praefationem
875 3732 1027 3815 Cyclopis.

187 3955 312 4040 5154.
349 3958 521 4021 Comicus
548 3958 686 4020 trimeter
711 3960 815 4021 minus
841 3967 945 4022 servat
969 3975 1128 4021 caesuram
1153 3957 1185 4016 in

103 4065 210 4143 quinto
224 4061 392 4144 semipede,
413 4069 614 4142 anapaestum
630 4069 746 4141 autem,
764 4071 887 4142 praeter
900 4062 1044 4125 ultimum
1059 4058 1181 4140 pedem,

105 4165 222 4247 ubique
236 4166 380 4230 admittit.
406 4162 559 4246 hristopb.
578 4164 670 4246 Vesp.
692 4165 765 4226 973.

190 4271 332 4361 κατάβα,
348 4269 491 4359 κατάβα,
505 4269 648 4358 κατάβα,
664 4268 806 4356 κατάβα,
821 4267 1064 4360 καταβήσομαι.

159 4393 276 4440 hemeran
284 4395 386 4450 eornm
394 4394 465 4439 doctr.
475 4393 587 4438 aaaron.
963 4395 980 4442 4
