2930 4962
229 327 270 386 56
633 341 688 383 nm.
710 341 741 384 u.
769 341 830 384 cnr.
850 341 906 384 xri.

229 495 312 558 Solvi
332 502 433 574 potest
452 501 556 556 autem
576 494 655 556 arsis
676 503 786 574 quarta
806 495 898 557 etiam
921 494 976 556 ubi
1002 512 1136 574 sequens
1157 513 1211 576 pes
1231 513 1319 556 ana-

229 605 355 680 paestus
373 605 421 660 est
435 597 543 660 eadem
559 597 690 678 ratione,
717 616 779 678 qua
800 598 832 658 in
853 597 989 660 trimetm
1004 595 1142 660 secunda
1157 599 1251 676 arsis,
1275 596 1318 658 de

123 721 129 732 ¹
230 719 292 784 qua
306 720 337 763 v.
356 698 374 784 ᾗ
392 701 462 764 tet.
489 697 643 780 Aristoph.
663 700 744 763 Nub.
766 701 858 763 l063.

316 817 472 895 πολλοῖς·
490 811 509 882 ό
525 820 606 904 γοῦν
617 813 750 905 Πηλεὺς
766 811 865 901 ἔλαβε
881 812 938 882 διὰ
954 821 1053 882 τοῦτο
1069 814 1127 906 τὴν
1137 813 1319 901 μάχαιραν.

315 1041 432 1126 5169.
465 1042 675 1126 Anapaestum
697 1044 729 1106 iu
751 1045 861 1124 quarte
880 1053 913 1106 et
931 1045 1061 1125 septimo
1082 1044 1161 1127 pede
1181 1065 1244 1108 non
1259 1047 1322 1108 nisi

230 1152 262 1211 in
289 1149 411 1211 nomine
438 1148 561 1229 proprio
587 1164 766 1208 concessum
795 1145 944 1208 iudicavit
968 1148 1119 1210 Porsenus
1148 1150 1180 1210 in
1210 1149 1317 1230 suppl.

230 1251 326 1334 prael.
346 1251 387 1314 ad
404 1251 474 1312 Hec.
493 1270 525 1333 p.
545 1251 596 1311 39.
616 1266 703 1329 seqq.
729 1245 884 1329 Aristoph.
903 1250 980 1311 Ran.
1001 1253 1074 1314 eta.
1099 1251 1221 1314 Thesm.
1242 1253 1320 1314 eet.

318 1362 472 1450 Ἀχιλλέα
485 1357 546 1432 τίν’
562 1356 585 1428 λ’
598 1360 738 1452 Νιόβην,
754 1361 794 1431 τὸ
809 1361 989 1452 πρόςωπον
1004 1360 1079 1450 οόχὶ
1094 1363 1233 1446 όεικνός.

318 1468 446 1558 ἐγένετο
459 1462 692 1544 Μελανίππας
702 1471 823 1547 ποιῶν,
841 1463 994 1553 Φαίδρας
1004 1493 1051 1551 νε,
1064 1466 1263 1560 Πηνελόπην
1273 1495 1326 1538 τε.

232 1599 276 1659 De
296 1596 427 1674 septimo
447 1591 527 1674 pede
550 1610 622 1654 vcra
643 1590 766 1655 videtur
786 1591 960 1656 observatio
979 1595 1052 1656 ista:
1080 1594 1119 1657 de
1135 1603 1244 1676 quarte
1261 1606 1323 1676 est,

232 1717 329 1780 quare
350 1694 558 1760 dubitandum
579 1693 731 1758 videatur.
765 1697 854 1759 Certe
875 1697 1023 1760 credibile
1044 1707 1105 1778 est,
1130 1718 1167 1760 ec
1182 1699 1248 1760 loce
1262 1699 1326 1762 alia

234 1820 358 1882 quoque
375 1799 541 1878 vocabula,
567 1799 747 1881 praesertim
764 1800 790 1861 si
805 1799 916 1862 similia
932 1809 1037 1864 essent
1050 1801 1228 1864 nominibus
1243 1821 1326 1881 pro-

234 1906 320 1987 priis,
340 1911 542 1984 anapaestum
558 1901 656 1965 lacere
671 1903 818 1984 potuisse.
844 1902 926 1968 Nub.
950 1903 1040 1965 tter.

321 2018 448 2111 σκέψαι
468 2017 506 2086 όό
520 2014 599 2097 νοός
614 2011 835 2105 ἀλεκτρυόνας
854 2017 912 2086 καὶ
927 2011 1034 2088 πόλλα
1055 2019 1097 2086 τὰ
1111 2018 1198 2107 βοτὰ
1214 2020 1327 2091 ταυτί.

236 2147 287 2208 Sic
303 2135 575 2228 ἱππαλεκτρυόνα
591 2145 667 2206 Itan.
684 2144 756 2204 932.
772 2144 934 2211 ,Porsenus
950 2146 981 2206 in
997 2145 1045 2206 his
1058 2148 1201 2210 versibus
1217 2157 1329 2210 eontra

235 2249 330 2334 libpos
350 2257 519 2312 contractas
540 2246 652 2311 lormas
672 2247 745 2326 poni
765 2246 899 2310 volebat.
933 2249 1084 2311 Disseruit
1105 2249 1144 2313 de
1165 2253 1329 2331 anapaesti

237 2373 298 2417 usu
314 2354 342 2414 P.
363 2353 528 2416 Elmsleius
543 2352 575 2414 iu
590 2369 720 2414 censura
736 2349 880 2413 Hecubae
895 2349 944 2413 ed.
965 2352 1046 2434 Lips.
1066 2371 1096 2432 p.
1117 2355 1190 2416 lbi.
1210 2372 1299 2434 seqq.

323 2574 445 2659 5170.
493 2577 606 2655 Latini,
640 2575 694 2658 qui
724 2575 808 2638 hunc
835 2594 962 2640 versum
996 2579 1258 2658 septenarium
1293 2588 1330 2641 et

237 2683 420 2746 comicum
436 2679 664 2762 quadratum
679 2687 791 2741 vocant
810 2677 890 2761 (vide
906 2679 1043 2742 Diomed.
1062 2700 1093 2761 p.
1114 2683 1185 2743 ert.
1217 2683 1324 2744 Rulin.

239 2805 270 2866 p.
290 2783 384 2847 2706.
412 2782 534 2865 etet),
565 2790 776 2862 asynartetum
797 2801 868 2844 eum
889 2802 956 2846 esse
979 2784 1157 2862 voluerunt,
1187 2783 1220 2846 id
1240 2785 1330 2866 quod

239 2887 331 2950 etiam
351 2888 446 2950 Varro
471 2885 557 2967 apud
577 2886 724 2949 Rufinum
750 2886 879 2947 innuere
905 2885 1039 2949 videtur.
1077 2889 1179 2960 Quare
1205 2888 1237 2949 in
1263 2892 1328 2952 arsi

239 2991 340 3072 quarti
360 2990 450 3072 pedis
470 2999 502 3052 ct
524 3007 618 3052 unam
638 2987 766 3050 brevem
788 2987 955 3069 syllabam,
981 3009 1062 3070 quac
1084 2989 1210 3071 quidem
1220 2991 1329 3054 ¹finalis

240 3104 322 3157 esset
351 3093 510 3174 vocabuli,
544 3102 575 3155 et
604 3093 721 3155 hiatum
751 3092 944 3156 tolerandum
974 3093 1159 3158 iudicarunt.
1199 3094 1329 3158 Plautus

240 3197 514 3278 Asin.ltt.3,et.
585 3229 588 3234 -

204 3379 208 3388 .
326 3318 379 3382 scd
393 3319 419 3381 si
435 3315 489 3381 tibi
502 3319 609 3401 ον’ρίολλ
622 3318 750 3380 νιίοοο·
760 3320 881 3402 arpenti
892 3319 1095 3402 proferentur,

328 3441 385 3504 ηιιο
400 3423 453 3484 νόν
467 3419 588 3486 vocabis
602 3423 769 3484 nemicer-
779 3420 898 3487 libertos
915 3470 923 3484 .
941 3443 1000 3487 νιοα
1014 3425 1180 3505 patrinos?

329 3525 360 3588 id
371 3527 470 3608 petius
488 3571 494 3585 .
513 3525 621 3609 νιήιαλλ
635 3524 820 3591 minae-tic
834 3527 982 3590 insertiri
997 3527 1149 3590 crumina.

244 3651 365 3712 Terent.
385 3647 456 3709 Hec.
476 3646 511 3709 V.
532 3648 561 3725 3,
581 3647 632 3708 32.
658 3661 660 3666 ·

330 3767 396 3831 erim
411 3769 548 3851 εοηνιονιλ
563 3768 788 3852 Myrrhine-in
803 3767 893 3850 όληιλο
908 3767 991 3830 modo
1007 3786 1060 3830 me
1069 3768 1232 3832 tabentem.

171 3887 173 3894 ’
246 3891 308 3956 Sed
322 3888 406 3971 apud
422 3890 598 3952 Terentium
614 3888 783 3967 Bentleius,
809 3906 870 3951 non
891 3889 1042 3970 cogitans,
1069 3898 1104 3950 ut
1124 3888 1260 3968 videtur,
1287 3889 1326 3952 de

246 3994 440 4077 asynartetis,
454 3993 517 4055 lere
529 3993 660 4056 mutavit
669 3990 845 4055 huiusmodi
858 4010 977 4072 versuS,
996 3993 1054 4054 nisi
1066 3992 1120 4056 ubi
1137 3993 1324 4056 tribrachum

245 4103 279 4163 in
294 4107 403 4182 quarto
418 4097 498 4179 pede
513 4115 581 4160 esse
596 4096 736 4177 putabat,
755 4105 791 4159 ut
806 4098 876 4159 llec.
896 4097 932 4158 ll.
952 4099 981 4176 2,
1003 4097 1030 4158 l.

332 4224 459 4287 miscio
475 4242 537 4306 epo,
557 4217 739 4302 Philumena,
758 4237 854 4284 meum
870 4215 917 4282 iris
931 4236 1004 4300 esse,
1023 4227 1057 4283 αι
1072 4227 1099 4282 te
1114 4221 1228 4304 οόηανι.
