2922 4948
481 345 517 386 na
533 343 704 386 eanurrtnvs
722 343 865 384 enectus.
1159 329 1220 389 245

132 499 246 562 deinde
261 507 365 562 autcm
382 499 429 560 vel
447 500 478 559 in
499 517 598 563 unum
620 507 835 580 congregatum
854 500 903 559 vel
928 500 987 560 alio
1008 500 1097 563 modo
1113 471 1223 584 dispo-

131 606 228 666 situm
244 604 312 666 illas
327 603 488 685 strophas,
507 623 586 683 quae
602 605 720 665 stasimi
736 612 827 681 sunt,
847 622 967 664 canere.

219 809 336 892 5677.
369 810 636 885 Quemadmodum
666 813 843 892 stasimum,
870 809 954 891 quod
979 821 1049 892 post
1070 813 1220 893 paredum

131 925 190 996 est,
222 915 298 978 alios
320 934 414 996 quam
440 915 593 995 paredum
622 914 730 978 modos
750 917 872 996 aliaque
903 925 999 978 metra
1018 916 1137 978 habere
1167 937 1223 998 par

130 1027 197 1098 est,
232 1021 276 1080 sic
301 1021 421 1100 singula
451 1020 649 1101 stropharum
678 1021 763 1100 paria
794 1038 855 1080 non
885 1018 984 1080 solum
1011 1022 1132 1100 metris,
1165 1023 1222 1084 sed

130 1125 225 1186 etiam
255 1123 354 1185 modis
385 1124 511 1186 musicis
541 1121 680 1201 differre,
720 1143 760 1184 ex
790 1125 856 1204 ipsa
894 1131 1060 1184 metrorum
1094 1125 1220 1187 conier-

131 1229 265 1290 matione
281 1237 426 1309 apparet,
444 1228 525 1290 utin
541 1224 659 1307 Oedipo
675 1228 755 1306 Rege
770 1228 801 1288 in
817 1245 853 1287 en
869 1227 1022 1305 carmine,
1041 1225 1125 1307 quod
1140 1238 1188 1292 est
1202 1250 1220 1292 a

131 1351 161 1394 v.
184 1331 277 1392 ll86.

218 1552 335 1639 5678.
362 1558 396 1620 ln
419 1557 600 1638 tragicorum
622 1553 748 1637 parodis
769 1564 801 1616 et
820 1557 954 1618 stasimis
974 1577 1066 1638 saepe
1083 1557 1220 1621 difficul-

130 1671 227 1724 tatem
243 1661 359 1723 habent
372 1660 507 1744 epodi,
534 1679 667 1740 quarum
683 1659 849 1721 nonnullae
865 1668 949 1721 tanta
965 1670 1038 1723 sunt
1054 1672 1220 1726 metrorum

130 1764 335 1828 similitudine
347 1767 456 1845 laetae,
471 1774 508 1830 nt
517 1764 805 1846 antistrophicnrnm
818 1764 951 1845 speciem
965 1783 1043 1846 pene
1055 1765 1221 1830 obtrudere

130 1869 311 1932 videantur:
345 1879 381 1934 ut
405 1873 437 1933 in
458 1870 636 1932 Prometheo
657 1887 688 1929 v.
712 1869 781 1928 405.
803 1869 874 1928 000.
899 1869 931 1929 in
953 1869 1051 1930 Persis
1069 1872 1119 1931 03.
1161 1871 1223 1934 Sed

130 1971 324 2054 cavendum,
359 1993 399 2036 nc
427 1973 503 2036 haee
526 1974 645 2054 species
668 1969 808 2033 lraudem
834 1969 935 2033 laniat.
976 1974 1051 2033 Nam
1074 1993 1166 2056 saepe
1189 1977 1221 2036 in

131 2076 239 2158 epodis
262 2077 370 2140 cadem
394 2086 490 2140 metra
513 2077 660 2159 repetita,
687 2072 743 2136 sed
766 2075 861 2136 nrixta
891 2076 983 2136 etiam
1007 2077 1075 2138 aliis
1103 2078 1218 2158 metris,

131 2182 351 2263 inveniuntur,
385 2191 421 2244 ut
447 2201 481 2242 ea
509 2200 542 2242 re
570 2176 725 2242 interdum
756 2187 860 2258 partes
885 2197 990 2242 earum
1014 2179 1081 2258 sibi
1097 2181 1221 2244 similli-

133 2304 202 2347 mae
217 2285 288 2346 sint.

220 2487 337 2574 §579-
363 2494 485 2554 Praeter
505 2490 655 2574 paredum
680 2501 711 2553 et
731 2491 856 2551 stasima
881 2491 971 2551 etiam
995 2490 1052 2552 alia
1069 2491 1222 2570 quaedam

133 2597 217 2658 chori
241 2597 357 2660 cantica
379 2597 589 2678 reperiuntur,
616 2593 733 2676 quibus
755 2593 861 2656 linitur
883 2592 1039 2656 interdum
1056 2595 1218 2685 tragoedia.

134 2701 215 2762 llaec
229 2701 344 2780 paredo
359 2719 451 2782 quam
468 2701 601 2762 stasimis
625 2697 769 2761 similiora
791 2707 872 2760 sunt.
901 2699 1049 2760 Constant
1064 2707 1167 2760 autem
1183 2721 1222 2761 ex

133 2803 376 2884 antistmphiciS‚
400 2813 432 2864 et
447 2812 618 2882 canuntur,
643 2809 679 2864 ut
694 2799 835 2880 videtur,
861 2800 1035 2882 apartibus
1050 2803 1143 2864 chori.
1180 2805 1223 2864 lta

133 2917 216 2970 certe
232 2909 263 2968 iu
279 2907 479 2989 Supplicibus
494 2905 639 2986 Aeschyli
661 2903 786 2966 lactum.
820 2903 915 2966 Aliud
934 2907 1111 2988 exemplum
1126 2924 1223 2988 prae-

132 3013 209 3074 bent
222 3009 428 3090 Eumenides,
448 3010 502 3072 ubi
518 3029 578 3072 nou
595 3011 631 3089 ie,
651 3009 703 3088 qui
721 3005 876 3089 legitimus
893 3010 924 3068 in
939 3028 973 3070 ea
991 3009 1095 3072 fabula
1111 3012 1221 3073 chorus

132 3125 190 3195 est,
210 3112 267 3178 sed
281 3115 360 3178 alius
375 3115 433 3176 hoc
448 3115 602 3175 canticum
617 3110 721 3174 habet.

219 3318 335 3403 5680.
363 3319 518 3384 lnterdum
535 3330 566 3382 et
581 3322 686 3401 tragici
701 3329 732 3382 et
747 3322 851 3382 contici
867 3319 950 3382 aliud
965 3337 1062 3401 genus
1078 3323 1222 3386 carminis

132 3437 303 3509 usurpant,
323 3424 407 3508 quod
423 3445 462 3487 ex
478 3445 539 3488 una
555 3424 681 3507 stropha
697 3432 830 3503 constat,
851 3425 939 3488 cuius
954 3425 1144 3506 antistropha
1160 3444 1222 3486 non

132 3533 255 3610 statim,
291 3529 347 3592 sed
376 3538 444 3611 post
472 3529 588 3610 aliquot
613 3537 749 3590 actorum
773 3546 882 3590 versus
909 3537 940 3589 et
961 3528 1117 3591 interdum
1148 3532 1222 3592 sat-is

134 3653 242 3715 magna
259 3635 384 3696 labulae
407 3643 493 3715 parte
513 3634 669 3696 interiecta
691 3633 841 3713 sequitur.
878 3632 1059 3697 Huiusmodi
1080 3633 1224 3714 strophae

134 3759 218 3803 nunc
239 3739 390 3819 longiores
418 3747 505 3816 sunt,
538 3748 574 3800 ut
599 3739 630 3798 iu
653 3737 813 3799 Philocteta
842 3757 871 3798 v.
893 3738 964 3799 391.
989 3747 1020 3799 ot
1045 3738 1116 3800 507.
1158 3734 1224 3798 Ae-

133 3844 262 3924 schylus
284 3851 388 3905 autem
418 3844 448 3902 in
471 3840 715 3922 EumenidibuS,
747 3861 826 3921 quae
850 3840 954 3903 fabula
977 3843 1065 3923 plura
1091 3841 1226 3902 continet

132 3948 227 4011 huius
246 3946 367 4028 generis
390 3947 551 4027 exempla,
583 3946 674 4007 etiam
703 3944 810 4006 eadem
843 3943 934 4006 verba
957 3947 1058 4006 omnia
1089 3945 1220 4023 iteravit,

134 4049 218 4132 quod
239 4049 290 4110 ille
311 4051 403 4111 etiam
425 4051 456 4109 in
477 4049 612 4112 stasimis
632 4055 866 4130 nonnumquam
890 4058 920 4111 et
936 4050 1062 4109 commis
1078 4047 1163 4127 tecit,
1191 4058 1226 4111 ut

134 4156 165 4226 in
204 4156 329 4235 Septem
365 4152 405 4215 ad
435 4152 575 4233 Thebas,
609 4153 641 4213 in
670 4151 914 4234 Agamemnone,
949 4154 978 4212 in
1011 4153 1220 4232 supplicibus.

133 4259 222 4324 Nunc
236 4257 396 4321 breviores
412 4267 486 4321 sunt
501 4257 644 4339 strophae
660 4258 753 4338 istae,
780 4256 964 4338 compositae
987 4257 1170 4338 plerumque
1186 4276 1226 4318 ex
