2930 4962
244 313 286 376 26
662 334 718 376 ιιι.
739 335 759 376 ι.
793 335 855 376 ear.
875 335 903 376 x.

331 482 425 565 588.
452 486 602 564 Cnosis,
628 485 667 548 de
682 506 744 568 qua
760 487 1065 553 nondumhabemus
1081 491 1135 569 qui
1150 491 1224 552 satis
1240 491 1332 570 plene

244 597 337 667 atque
351 597 494 652 aoeurate
505 591 692 670 exposuerit,
708 588 814 655 Atticis
829 592 969 672 inprimis
984 594 1095 656 usitate
1111 602 1167 671 est,
1187 592 1245 656 sed
1256 601 1333 655 tan-

245 700 312 752 tum
327 692 359 752 in
375 693 466 754 certis
482 694 769 757 consociationibus.
803 695 879 755 Nam
895 695 959 756 lere
974 716 1010 757 ea
1027 704 1148 759 tantum
1163 699 1263 762 erasto
1278 697 1332 760 fa-

245 797 345 874 ciunt,
372 814 453 876 quae
468 796 560 859 etiam
576 817 672 860 sensu
687 807 846 878 tamquam
861 817 924 860 una
939 800 1021 870 notio
1038 801 1211 862 cohaerent.
1245 801 1333 864 Vnde

170 958 174 968 ,
245 899 494 978 frequentissima
511 901 606 964 orasis
621 909 669 964 est
684 902 714 962 in
730 903 857 966 articulo
873 910 904 963 et
918 903 1058 982 nomine,
1083 913 1118 968 ut
1135 894 1242 990 εσόήρ,
1261 891 1334 964 ‘ilv-

245 1002 336 1089 δρες,
355 995 481 1088 ία’ραιή,
501 993 643 1086 (α’ρεταί,
660 992 815 1087 τοῦργον,
831 993 953 1089 τόἷργα,
976 995 1089 1085 tepet,
1105 997 1213 1095 eripui,
1231 998 1336 1072 tine
1443 1080 1447 1089 Ι

244 1103 376 1200 χώριοι,
396 1099 587 1191 ία’πιχώριοι
603 1107 688 1188 apud
702 1107 808 1190 Eurip.
829 1110 891 1169 lon.
914 1110 1005 1170 tt30.
1032 1102 1232 1188 θοίμάτιον,
1249 1102 1337 1173 θαί-

244 1207 369 1296 μάτια,
392 1202 543 1296 θάτέρᾳ,
566 1199 723 1293 adenem.
744 1221 775 1274 et
797 1201 999 1292 τούλέθρου,
1023 1213 1108 1294 apud
1130 1216 1236 1294 Eurip.
1263 1216 1332 1294 lph.

246 1321 279 1380 T.
295 1321 365 1378 488.
392 1318 471 1377 Tum
487 1317 519 1375 in
531 1315 688 1395 particulis
701 1316 901 1396 quibusdam,
920 1325 956 1377 ut
966 1305 1036 1394 τᾶν,
1049 1305 1146 1400 vdeo,
1163 1337 1202 1379 ex
1214 1313 1269 1380 τοὶ
1280 1307 1336 1396 dlv,

245 1417 300 1484 τοὶ
314 1411 390 1500 dou.
414 1419 521 1480 Rarior
531 1419 563 1478 in
580 1420 758 1498 pronomine
774 1427 804 1480 et
815 1417 920 1498 verbo,
940 1429 975 1481 ut
986 1407 1064 1498 ‘dxm
1079 1441 1120 1482 ex
1135 1411 1157 1491 di
1174 1411 1246 1501 ἔχω.
1278 1424 1338 1482 ln-

246 1527 370 1587 venitur
385 1525 476 1584 etiarn
491 1523 524 1582 in
536 1522 632 1583 verbo
644 1541 683 1582 ex
694 1523 885 1602 pronomine,
903 1533 941 1584 ut
952 1509 1060 1606 ἐγῷδα
1072 1545 1112 1586 ex
1124 1518 1186 1606 dyo)
1198 1512 1287 1603 οἶδα,
1304 1535 1341 1588 et

247 1616 459 1713 γενησομάγώ
468 1645 507 1685 ex
516 1618 695 1710 γενήσομαι
705 1617 779 1706 ἐγώ,
786 1624 870 1704 quod
878 1627 1013 1704 positum
1022 1627 1053 1687 in
1064 1628 1157 1710 lphig.
1163 1626 1232 1690 Aul.
1242 1633 1252 1689 t
1262 1633 1337 1692 tte.

247 1731 370 1792 oomiois
378 1729 538 1810 proprium
550 1737 606 1807 est,
620 1729 673 1807 qui
686 1730 818 1808 primam
830 1727 925 1791 lutun'
936 1747 1100 1809 personam
1112 1731 1338 1794 terminationis

247 1835 389 1916 passivae
412 1833 504 1893 etiam
525 1851 596 1894 cum
618 1831 687 1893 aliis
709 1832 886 1894 nominibus
902 1833 1095 1913 oorrtrahunt,
1115 1844 1150 1895 ut
1166 1841 1338 1919 περιοψο-

247 1927 468 2018 μᾶοελθόντα
481 1934 566 2014 apud
578 1934 854 2014 Aristophuanut
863 1939 892 1996 0.
909 1946 940 1998 et
951 1926 1338 2018 ἕνιαοτιζομᾶπλακοῧν-

248 2060 306 2116 σος
320 2037 404 2120 apud
420 2023 575 2099 Platonem
592 2041 760 2120 comioum,
780 2041 906 2102 citatum
923 2039 963 2101 ab
979 2036 1135 2102 Athenaeo
1149 2061 1181 2122 p.
1203 2044 1274 2103 oet.
1294 2037 1333 2102 A.

248 2143 325 2207 Vide
340 2141 491 2205 Gaislord.
512 2140 552 2204 ad
567 2143 730 2223 Hephaest.
750 2161 781 2222 p.
795 2142 867 2204 002.

335 2347 429 2431 589.
456 2352 490 2410 ln
505 2352 686 2413 universum
707 2357 809 2412 autem
826 2349 1014 2430 tenendum,
1041 2352 1146 2431 longas
1163 2351 1336 2430 vomisset,

250 2477 280 2541 ρ,
297 2475 334 2536 ιο,
360 2473 430 2517 eum
446 2454 534 2516 brevi
549 2454 675 2533 initiali,
700 2473 780 2534 queo
795 2453 859 2515 iere
876 2455 940 2515 sola
955 2475 972 2518 e
985 2464 1051 2534 est,
1075 2454 1165 2516 facile
1178 2454 1337 2535 oollique-

249 2579 351 2622 seero:
379 2560 454 2620 item
474 2557 698 2638 diphthongum
719 2577 778 2636 οο,
805 2576 884 2637 quae
907 2558 983 2620 nihil
1006 2556 1129 2620 videtur
1151 2577 1219 2619 esse
1241 2576 1338 2638 quam

249 2663 501 2744 supplementum
523 2662 654 2741 vocalis,
688 2663 738 2723 oui
759 2662 919 2743 proprium
942 2663 1064 2742 signum
1087 2681 1149 2724 non
1179 2662 1340 2725 habehant

250 2767 367 2829 Graeci.
401 2767 467 2826 Non
489 2767 581 2826 etiarn
603 2764 711 2826 eadem
733 2767 899 2828 contractio
919 2765 954 2826 lit
975 2765 1007 2826 iu
1029 2766 1099 2845 iis,'
1112 2785 1191 2845 quae
1214 2767 1339 2845 proprie

251 2870 434 2952 diphthongi
449 2877 538 2950 sunt,
558 2869 617 2930 nisi
632 2869 664 2930 in
679 2868 791 2930 futuris
807 2867 883 2947 illis,
909 2877 945 2930 ut
959 2859 1181 2952 γενρσσμάγώ.
1212 2869 1339 2932 Perrero
1456 2859 1457 2906 t

250 2977 282 3035 in
297 2973 382 3052 aliis,
408 2981 444 3034 ut
458 2964 633 3050 νικώμενοι
645 2959 821 3051 ”κύριοσον
834 2981 867 3034 et
880 2967 1034 3036 πλεῖστοι
1048 2959 1174 3034 ''devor
1192 2972 1224 3032 in
1238 2973 1340 3035 Persis

251 3075 394 3158 Aeschyli
408 3077 441 3137 3l
451 3080 479 3136 0.
495 3077 565 3138 090.
581 3077 613 3136 et
624 3074 792 3138 πεσοῦσαι
805 3063 941 3137 ''ulurov
955 3076 987 3136 in
999 3077 1092 3156 Soph.
1106 3075 1181 3138 Oed.
1198 3075 1231 3136 G.
1240 3079 1250 3134 t
1262 3079 1333 3137 008.

210 3235 212 3240 ,
252 3191 283 3244 et
297 3178 393 3258 ταχεῖ
412 3170 594 3261 ’πόρευσαν
608 3176 724 3240 ibidem
740 3197 769 3240 v.
792 3181 883 3242 tete.
904 3187 935 3240 et
949 3172 1025 3254 ἐπεὶ
1038 3169 1198 3262 ’δάκρυσα
1213 3179 1246 3239 ἰο
1263 3181 1338 3243 Phi-

252 3286 322 3347 loct.
335 3287 407 3344 360.
440 3282 574 3344 Dubium
592 3291 639 3344 est
654 3273 686 3344 εἰ
706 3271 957 3362 ’πιταξόμεσθα
973 3283 1005 3342 in
1020 3283 1125 3363 Eurip.
1140 3283 1249 3364 Suppl.
1263 3285 1334 3344 523.

253 3380 325 3450 Καὶ
339 3403 412 3446 vero
435 3403 506 3448 eum
529 3385 673 3448 omnihus
689 3385 850 3449 vooalihus
871 3395 904 3448 et
918 3385 1116 3468 diphthongis
1133 3387 1237 3448 orasin
1252 3387 1334 3465 lauit,

253 3492 351 3552 rarius
374 3499 572 3551 tamencum
596 3510 618 3550 r.
648 3488 710 3550 Sed
732 3509 794 3551 nou
817 3490 953 3569 copulari
976 3509 1032 3570 per
1052 3491 1153 3552 orasin
1176 3509 1247 3552 oum
1272 3481 1334 3568 oiri,

254 3613 355 3675 nequa
381 3614 452 3655 eum
480 3579 516 3655 ed
544 3595 602 3654 nisi
631 3593 662 3654 in
690 3595 882 3674 oompositis,
916 3595 1094 3656 observavit
1120 3595 1272 3657 Persouus
1299 3592 1338 3656 ad

253 3699 364 3759 Phoen.
387 3699 478 3758 liti.

340 3904 432 3989 §90-
467 3908 698 3987 Synizesis,
721 3909 1140 3990 sivesyneephonesis,
1160 3909 1339 3986 quaeineo

254 4016 353 4096 posita
369 4021 425 4089 est,
444 4020 481 4073 ut
490 4011 570 4072 duae
587 4012 706 4073 vocales
721 4013 814 4074 simul
826 4014 1072 4092 pronuntientur,
1092 4009 1226 4072 sednon
1242 4012 1273 4071 in
1286 4010 1339 4072 di-

254 4118 445 4199 phthongum
459 4116 648 4193 coniunotae,
664 4116 747 4196 apud
757 4115 871 4178 Attioos
883 4115 1082 4178 usitatissima
1093 4123 1142 4175 est
1156 4115 1186 4175 in
1200 4115 1339 4194 genitivis

255 4223 410 4294 insurget
433 4237 494 4284 εωο
517 4221 701 4300 terminatis,
727 4229 763 4282 ut
785 4212 934 4294 πόλεως,
961 4211 1100 4281 πόλεων.
1130 4215 1224 4297 Apud
1238 4219 1338 4298 epicos
