2922 4948
253 291 315 353 192
655 309 712 352 tn.
733 309 777 352 nr.
812 309 874 351 cir.
894 310 932 351 nr.

251 465 426 526 Certissima
451 472 524 524 sunt
544 481 624 542 quae
647 464 676 522 in
695 473 891 524 monumento
908 465 1083 544 Scipionum
1107 475 1180 527 sunt
1198 468 1340 544 inventa,

250 587 330 647 quae
342 567 529 628 Niebuhrius
544 567 576 626 in
594 567 740 628 Historiae
751 567 907 654 ¹Romanae
923 567 982 628 vol.
999 569 1021 627 i.
1041 586 1072 647 p.
1089 569 1161 630 963.
1182 569 1346 631 secundae

249 670 401 747 editionis,
421 679 451 730 et
461 670 565 751 paullo
581 670 668 730 aliter
683 673 714 730 in
731 671 818 730 tertia
831 669 964 731 editione
976 692 1006 752 p.
1018 673 1090 732 986.
1111 672 1168 734 sed
1183 673 1214 734 in
1227 683 1345 735 neutra

248 777 323 838 satis
344 775 545 855 probabiliter
560 773 707 835 distinxit.
743 775 855 834 Ponam
872 794 927 853 ege
943 794 1067 855 quoque
1083 775 1239 837 obsoletae
1254 779 1346 837 scri-

249 888 357 959 pturae
381 877 518 958 robigine
541 877 680 957 detersa,
709 876 922 958 distinctisque
944 879 1001 939 alia
1026 880 1197 941 litterarum
1224 879 1341 957 tonna,

247 1003 327 1062 qnae
343 982 472 1062 lapicida
487 983 659 1062 neglexisse
675 984 761 1045 visus
777 991 838 1044 est:

335 1105 491 1166 Corneb'us
508 1105 620 1166 Lucitas
637 1105 737 1185 Scipio
755 1105 906 1166 barbatus

335 1207 454 1270 Grrnerd
468 1217 557 1288 petre
570 1216 736 1289 propnatus
751 1209 842 1288 fortis
857 1209 907 1268 uir
923 1210 1101 1290 sapiensque

333 1312 420 1373 crebis
433 1312 535 1394 forme
550 1313 659 1374 uirtuti
666 1313 841 1393 pcirissume
855 1311 924 1392 suit.

332 1415 434 1476 consul
448 1435 552 1477 occisor
568 1416 677 1476 nectitis
692 1419 744 1498 qui
757 1415 815 1498 fuit
831 1416 916 1495 apud
931 1435 993 1477 uos.

336 1521 514 1580 Tnurdsium
529 1521 697 1581 Casnrmem
714 1521 934 1599 Samniumque
950 1521 1036 1601 cepit.

332 1623 442 1705 snbipit
457 1641 568 1684 euticem
586 1623 742 1684 Lucanum
760 1624 932 1706 desidesque
948 1623 1080 1685 obducit.

244 1743 354 1805 Aliud:

331 1867 410 1929 burte
423 1866 516 1930 einum
529 1868 660 1950 plurimi
675 1869 860 1930 consentiunt
874 1868 1000 1927 Romani

332 1971 445 2032 Romae
463 1971 605 2032 bonorum
622 1971 773 2052 optumum
787 1969 880 2052 fuisse
895 1972 995 2032 uirium

331 2075 457 2137 Lucium
475 2077 641 2158 Scipionem
657 2073 761 2156 sitium
777 2074 916 2145 Barbati.

331 2168 435 2261 conscii
449 2199 554 2242 censor
569 2179 680 2242 aedilis
696 2179 743 2241 iu'c
756 2178 815 2261 suit
831 2177 916 2258 opud
931 2198 996 2239 vos.
1043 2247 1044 2252 η

330 2284 382 2354 bic,
393 2285 469 2366 ce'pit
485 2285 637 2347 Corsicam
654 2283 845 2364 ciliciamque
861 2281 974 2344 urbem.

330 2387 411 2450 dedit
426 2385 540 2450 dicavit
557 2385 786 2470 Tempestdtibus
801 2385 904 2448 aedem
920 2388 1037 2448 merito.

243 2507 336 2569 Aliud
350 2531 355 2568 ε

496 2659 643 2675 .....
671 2613 725 2694 qui
738 2614 853 2695 dpicem
869 2615 984 2694 insipne

332 2716 420 2778 eretis
434 2717 568 2796 fluminis
581 2685 709 2798 pesstiti,
729 2735 809 2779 mors
821 2717 959 2798 perfecit,

332 2822 385 2881 tud
400 2829 435 2882 ut
448 2828 544 2883 essent
558 2822 659 2882 omnio
675 2820 787 2897 bricio,
806 2821 907 2898 bonos,
924 2821 1021 2902 semu,

330 2923 484 3004 solitusque
498 2923 596 3004 pluria
612 2928 702 3004 utque
718 2927 879 3005 inpiuium,
900 2923 1006 3004 quibus
1021 2927 1049 2985 si

329 3025 359 3086 in
375 3025 462 3107 liupo
479 3027 609 3088 licuisset
624 3026 679 3088 tibi
692 3028 771 3090 utier
784 3029 858 3107 citu,

329 3127 421 3209 focile
437 3147 614 3212 superasses
628 3130 756 3212 pluriam
772 3134 934 3194 maiorum.

327 3236 423 3316 quiere
438 3233 540 3298 lubens
555 3242 581 3297 te
597 3235 627 3296 in
641 3236 799 3316 premium,
820 3237 930 3318 Scipio,
948 3239 1060 3319 recepit

327 3339 412 3398 terni
427 3338 517 3401 Publi
526 3345 709 3422 propnetum
725 3339 828 3402 Publio
847 3341 975 3402 Corneli.

242 3461 287 3518 Ex
304 3459 351 3520 bis
367 3460 534 3522 existimari
550 3469 651 3541 potest
670 3459 800 3528 fideliter
815 3462 969 3524 rettulisse
985 3465 1018 3524 T.
1040 3465 1177 3544 Livium,
1196 3486 1277 3546 quae
1293 3489 1334 3530 eo

242 3572 339 3624 metro
355 3562 440 3641 apud
454 3565 639 3658 vetustiores
654 3565 766 3646 scripta
783 3566 954 3646 invenerat,
973 3577 1009 3628 ut
1023 3551 1179 3630 oraculdni
1196 3569 1334 3652 Delphi-

241 3685 311 3727 cum
328 3668 362 3728 V.
378 3669 427 3728 le.

329 3790 471 3868 Romdne,
491 3807 603 3871 aquom
619 3785 766 3852 Albanam
782 3809 856 3854 caue
872 3793 940 3855 ldcu
956 3795 1110 3870 contineri,

327 3877 402 3953 cuce
416 3893 448 3953 in
463 3910 548 3954 mare
563 3911 691 3955 menore
707 3893 760 3955 seio
774 3893 895 3974 (iumine
910 3897 1014 3959 sinos:

327 3996 464 4058 emissem
477 4015 536 4078 per
551 4015 640 4078 apros
655 3996 782 4078 ri'pdbis,
802 3998 983 4079 dissipatam

326 4099 402 4162 riuis
417 4101 612 4180 eacstinpucs:
631 4109 692 4162 tum
709 4109 741 4163 tu
757 4102 861 4164 insi'stc
876 4103 987 4166 eudem
1002 4105 1126 4167 bostium

325 4205 433 4282 muris,
453 4222 564 4264 memor
578 4223 669 4285 quam
684 4223 740 4286 per
755 4215 796 4269 tot
811 4189 905 4270 danos
920 4209 1036 4270 obsides
1052 4210 1111 4270 ianr
