<?xml version="1.0" encoding="UTF-8"?>
<!DOCTYPE html PUBLIC "-//W3C//DTD XHTML 1.0 Transitional//EN"
    "http://www.w3.org/TR/xhtml1/DTD/xhtml1-transitional.dtd">
<html xmlns="http://www.w3.org/1999/xhtml" xml:lang="en" lang="en">
 <head>
  <title>
</title>
<meta http-equiv="Content-Type" content="text/html;charset=utf-8" />
  <meta name='ocr-system' content='tesseract 3.04.00' />
  <meta name='ocr-capabilities' content='ocr_page ocr_carea ocr_par ocr_line ocrx_word'/>
</head>
<body>
  <div class='ocr_page' id='page_1' title='image "./doctrinaemetric00hermgoog/doctrinaemetric00hermgoog_0022.png"; bbox 0 0 2930 4962; ppageno 0'>
   <div class='ocr_carea' id='block_1_1' title="bbox 570 371 1204 414">
    <p class='ocr_par' dir='ltr' id='par_1_1' title="bbox 570 371 1204 414">
     <span class='ocr_line' id='line_1_1' title="bbox 570 371 1204 414; baseline 0 -2"><span class='ocrx_word' id='word_1_1' title='bbox 570 371 739 414; x_wconf 70' lang='lat' dir='ltr'><strong>Pescennio.</strong></span> <span class='ocrx_word' id='word_1_2' title='bbox 1169 372 1204 413; x_wconf 74' lang='lat' dir='ltr'><strong>XV</strong></span> 
     </span>
    </p>
   </div>
   <div class='ocr_carea' id='block_1_2' title="bbox 116 519 1207 1877">
    <p class='ocr_par' dir='ltr' id='par_1_2' title="bbox 116 519 1207 1877">
     <span class='ocr_line' id='line_1_2' title="bbox 118 519 1206 604; baseline -0.003 -15"><span class='ocrx_word' id='word_1_3' title='bbox 118 523 208 589; x_wconf 90' lang='lat' dir='ltr'><strong>stocl.</strong></span> <span class='ocrx_word' id='word_1_4' title='bbox 228 542 256 587; x_wconf 91' lang='lat' dir='ltr'><strong>c.</strong></span> <span class='ocrx_word' id='word_1_5' title='bbox 277 524 329 588; x_wconf 85' lang='lat'><strong>21.</strong></span> <span class='ocrx_word' id='word_1_6' title='bbox 348 521 406 588; x_wconf 91' lang='lat' dir='ltr'><strong>sed</strong></span> <span class='ocrx_word' id='word_1_7' title='bbox 420 539 551 604; x_wconf 88' lang='lat' dir='ltr'><strong>qnomm</strong></span> <span class='ocrx_word' id='word_1_8' title='bbox 567 519 703 586; x_wconf 81' lang='lat' dir='ltr'><strong>maxime</strong></span> <span class='ocrx_word' id='word_1_9' title='bbox 718 520 908 588; x_wconf 85' lang='lat' dir='ltr'><strong>sententiam</strong></span> <span class='ocrx_word' id='word_1_10' title='bbox 923 521 1083 603; x_wconf 75' lang='lat' dir='ltr'><strong>requiras,</strong></span> <span class='ocrx_word' id='word_1_11' title='bbox 1108 522 1206 586; x_wconf 86' lang='lat' dir='ltr'><strong>Hem-</strong></span> 
     </span>
     <span class='ocr_line' id='line_1_3' title="bbox 118 627 1206 711; baseline 0 -17"><span class='ocrx_word' id='word_1_12' title='bbox 118 630 294 696; x_wconf 80' lang='lat' dir='ltr'><strong>sterhusius</strong></span> <span class='ocrx_word' id='word_1_13' title='bbox 310 634 342 694; x_wconf 89' lang='lat' dir='ltr'><strong>et</strong></span> <span class='ocrx_word' id='word_1_14' title='bbox 355 627 604 705; x_wconf 79' lang='lat' dir='ltr'>Valckenarius,</span> <span class='ocrx_word' id='word_1_15' title='bbox 627 628 707 693; x_wconf 88' lang='lat' dir='ltr'><strong>alter</strong></span> <span class='ocrx_word' id='word_1_16' title='bbox 722 627 798 693; x_wconf 90' lang='lat' dir='ltr'><strong>alibi</strong></span> <span class='ocrx_word' id='word_1_17' title='bbox 814 645 849 692; x_wconf 90' lang='lat' dir='ltr'><strong>se</strong></span> <span class='ocrx_word' id='word_1_18' title='bbox 862 627 1006 711; x_wconf 90' lang='lat' dir='ltr'><strong>pluribus</strong></span> <span class='ocrx_word' id='word_1_19' title='bbox 1022 627 1104 694; x_wconf 88' lang='lat' dir='ltr'><strong>hanc</strong></span> <span class='ocrx_word' id='word_1_20' title='bbox 1119 629 1206 694; x_wconf 89' lang='lat' dir='ltr'><strong>locu-</strong></span> 
     </span>
     <span class='ocr_line' id='line_1_4' title="bbox 117 734 1206 820; baseline -0.002 -16"><span class='ocrx_word' id='word_1_21' title='bbox 117 738 235 804; x_wconf 81' lang='lat' dir='ltr'><strong>tionem</strong></span> <span class='ocrx_word' id='word_1_22' title='bbox 250 737 493 820; x_wconf 86' lang='lat' dir='ltr'><strong>explanatnrum</strong></span> <span class='ocrx_word' id='word_1_23' title='bbox 508 734 598 813; x_wconf 86' lang='lat' dir='ltr'><strong>dicit,</strong></span> <span class='ocrx_word' id='word_1_24' title='bbox 617 735 713 814; x_wconf 85' lang='lat' dir='ltr'><strong>alter,</strong></span> <span class='ocrx_word' id='word_1_25' title='bbox 730 734 960 800; x_wconf 87' lang='lat' dir='ltr'><strong>Hcmsterhusii</strong></span> <span class='ocrx_word' id='word_1_26' title='bbox 976 735 1107 802; x_wconf 90' lang='lat' dir='ltr'><strong>consilio</strong></span> <span class='ocrx_word' id='word_1_27' title='bbox 1121 736 1206 803; x_wconf 91' lang='lat' dir='ltr'><strong>diem</strong></span> 
     </span>
     <span class='ocr_line' id='line_1_5' title="bbox 116 842 1207 929; baseline 0 -19"><span class='ocrx_word' id='word_1_28' title='bbox 116 865 298 929; x_wconf 86' lang='lat' dir='ltr'><strong>supremum</strong></span> <span class='ocrx_word' id='word_1_29' title='bbox 312 842 522 909; x_wconf 89' lang='lat' dir='ltr'><strong>intervenisse</strong></span> <span class='ocrx_word' id='word_1_30' title='bbox 535 848 642 920; x_wconf 88' lang='lat' dir='ltr'><strong>ratus,</strong></span> <span class='ocrx_word' id='word_1_31' title='bbox 665 845 789 919; x_wconf 90' lang='lat' dir='ltr'><strong>monet,</strong></span> <span class='ocrx_word' id='word_1_32' title='bbox 813 847 867 922; x_wconf 89' lang='lat' dir='ltr'><strong>ut,</strong></span> <span class='ocrx_word' id='word_1_33' title='bbox 890 843 945 924; x_wconf 91' lang='lat' dir='ltr'><strong>qui</strong></span> <span class='ocrx_word' id='word_1_34' title='bbox 960 843 1001 909; x_wconf 91' lang='lat' dir='ltr'><strong>de</strong></span> <span class='ocrx_word' id='word_1_35' title='bbox 1016 843 1124 910; x_wconf 88' lang='lat' dir='ltr'><strong>haere</strong></span> <span class='ocrx_word' id='word_1_36' title='bbox 1139 845 1207 910; x_wconf 90' lang='lat' dir='ltr'><strong>dis-</strong></span> 
     </span>
     <span class='ocr_line' id='line_1_6' title="bbox 116 949 1203 1036; baseline 0.001 -19"><span class='ocrx_word' id='word_1_37' title='bbox 116 953 223 1036; x_wconf 85' lang='lat' dir='ltr'><strong>putari</strong></span> <span class='ocrx_word' id='word_1_38' title='bbox 249 952 345 1030; x_wconf 82' lang='lat' dir='ltr'><strong>velit,</strong></span> <span class='ocrx_word' id='word_1_39' title='bbox 377 950 576 1017; x_wconf 86' lang='lat' dir='ltr'><strong>Scholiasten</strong></span> <span class='ocrx_word' id='word_1_40' title='bbox 605 949 737 1015; x_wconf 88' lang='lat' dir='ltr'><strong>Luciani</strong></span> <span class='ocrx_word' id='word_1_41' title='bbox 759 949 798 1014; x_wconf 83' lang='lat' dir='ltr'><strong>T.</strong></span> <span class='ocrx_word' id='word_1_42' title='bbox 816 949 859 1014; x_wconf 91' lang='lat' dir='ltr'><strong>II.</strong></span> <span class='ocrx_word' id='word_1_43' title='bbox 884 971 917 1034; x_wconf 91' lang='lat' dir='ltr'><strong>p.</strong></span> <span class='ocrx_word' id='word_1_44' title='bbox 936 953 1010 1016; x_wconf 78' lang='lat'>270.</span> <span class='ocrx_word' id='word_1_45' title='bbox 1041 952 1203 1031; x_wconf 87' lang='lat' dir='ltr'><strong>adhibeat,</strong></span> 
     </span>
     <span class='ocr_line' id='line_1_7' title="bbox 116 1056 1207 1142; baseline 0.001 -17"><span class='ocrx_word' id='word_1_46' title='bbox 116 1061 199 1125; x_wconf 76' lang='lat' dir='ltr'><strong>mita</strong></span> <span class='ocrx_word' id='word_1_47' title='bbox 214 1079 292 1125; x_wconf 87' lang='lat' dir='ltr'><strong>sane</strong></span> <span class='ocrx_word' id='word_1_48' title='bbox 307 1058 499 1136; x_wconf 75' lang='lat' dir='ltr'><strong>tradentem,</strong></span> <span class='ocrx_word' id='word_1_49' title='bbox 518 1057 575 1124; x_wconf 88' lang='lat' dir='ltr'><strong>sed</strong></span> <span class='ocrx_word' id='word_1_50' title='bbox 590 1077 701 1142; x_wconf 87' lang='lat' dir='ltr'><strong>parum</strong></span> <span class='ocrx_word' id='word_1_51' title='bbox 716 1056 856 1141; x_wconf 86' lang='lat' dir='ltr'><strong>profecto</strong></span> <span class='ocrx_word' id='word_1_52' title='bbox 872 1056 1042 1124; x_wconf 83' lang='lat' dir='ltr'><strong>fructuosa.</strong></span> <span class='ocrx_word' id='word_1_53' title='bbox 1075 1061 1207 1126; x_wconf 66' lang='lat' dir='ltr'><strong>Abomiss</strong></span> 
     </span>
     <span class='ocr_line' id='line_1_8' title="bbox 116 1163 1206 1249; baseline -0.001 -17"><span class='ocrx_word' id='word_1_54' title='bbox 116 1167 226 1232; x_wconf 86' lang='lat' dir='ltr'><strong>mandi</strong></span> <span class='ocrx_word' id='word_1_55' title='bbox 248 1165 415 1232; x_wconf 82' lang='lat' dir='ltr'><strong>formulam</strong></span> <span class='ocrx_word' id='word_1_56' title='bbox 437 1183 528 1243; x_wconf 85' lang='lat' dir='ltr'><strong>esse,</strong></span> <span class='ocrx_word' id='word_1_57' title='bbox 553 1165 632 1230; x_wconf 86' lang='lat' dir='ltr'><strong>satis</strong></span> <span class='ocrx_word' id='word_1_58' title='bbox 654 1170 789 1231; x_wconf 89' lang='lat' dir='ltr'><strong>constat.</strong></span> <span class='ocrx_word' id='word_1_59' title='bbox 824 1163 916 1242; x_wconf 81' lang='lat' dir='ltr'><strong>Quod</strong></span> <span class='ocrx_word' id='word_1_60' title='bbox 938 1165 1106 1248; x_wconf 85' lang='lat' dir='ltr'><strong>colligunt,</strong></span> <span class='ocrx_word' id='word_1_61' title='bbox 1131 1168 1206 1249; x_wconf 87' lang='lat' dir='ltr'><strong>quia</strong></span> 
     </span>
     <span class='ocr_line' id='line_1_9' title="bbox 117 1267 1204 1359; baseline 0 -21"><span class='ocrx_word' id='word_1_62' title='bbox 117 1269 167 1350; x_wconf 84' lang='grc' dir='ltr'><strong>εἰς</strong></span> <span class='ocrx_word' id='word_1_63' title='bbox 196 1272 256 1350; x_wconf 79' lang='grc' dir='ltr'><strong>τὰς</strong></span> <span class='ocrx_word' id='word_1_64' title='bbox 286 1267 376 1359; x_wconf 78' lang='grc' dir='ltr'><strong><em>ὥρας</em></strong></span> <span class='ocrx_word' id='word_1_65' title='bbox 405 1272 513 1338; x_wconf 78' lang='grc' dir='ltr'><strong><em>ἵκοιτο</em></strong></span> <span class='ocrx_word' id='word_1_66' title='bbox 542 1271 699 1355; x_wconf 79' lang='lat' dir='ltr'><strong>significet</strong></span> <span class='ocrx_word' id='word_1_67' title='bbox 725 1272 760 1338; x_wconf 90' lang='lat' dir='ltr'><strong>in</strong></span> <span class='ocrx_word' id='word_1_68' title='bbox 796 1272 1024 1357; x_wconf 83' lang='lat' dir='ltr'><strong>proximum</strong></span> <span class='ocrx_word' id='word_1_69' title='bbox 1059 1293 1204 1338; x_wconf 88' lang='lat' dir='ltr'><strong>annum</strong></span> 
     </span>
     <span class='ocr_line' id='line_1_10' title="bbox 116 1379 1206 1473; baseline -0.001 -26"><span class='ocrx_word' id='word_1_70' title='bbox 116 1383 274 1461; x_wconf 88' lang='lat' dir='ltr'><strong>veniat,</strong></span> <span class='ocrx_word' id='word_1_71' title='bbox 299 1380 442 1448; x_wconf 89' lang='lat' dir='ltr'><strong>camdem</strong></span> <span class='ocrx_word' id='word_1_72' title='bbox 458 1380 746 1466; x_wconf 81' lang='lat' dir='ltr'><strong>interpretationem</strong></span> <span class='ocrx_word' id='word_1_73' title='bbox 761 1379 858 1446; x_wconf 89' lang='lat' dir='ltr'><strong>etiam</strong></span> <span class='ocrx_word' id='word_1_74' title='bbox 872 1379 1039 1462; x_wconf 79' lang='lat' dir='ltr'><strong>negativae</strong></span> <span class='ocrx_word' id='word_1_75' title='bbox 1054 1379 1206 1473; x_wconf 83' lang='lat' dir='ltr'><strong>formulae</strong></span> 
     </span>
     <span class='ocr_line' id='line_1_11' title="bbox 116 1487 1205 1574; baseline 0 -20"><span class='ocrx_word' id='word_1_76' title='bbox 116 1489 332 1555; x_wconf 87' lang='lat' dir='ltr'><strong>adhibendam</strong></span> <span class='ocrx_word' id='word_1_77' title='bbox 355 1508 445 1568; x_wconf 86' lang='lat' dir='ltr'><strong>esse,</strong></span> <span class='ocrx_word' id='word_1_78' title='bbox 475 1509 588 1574; x_wconf 90' lang='lat' dir='ltr'><strong>parum</strong></span> <span class='ocrx_word' id='word_1_79' title='bbox 617 1489 708 1554; x_wconf 87' lang='lat' dir='ltr'><strong>firma</strong></span> <span class='ocrx_word' id='word_1_80' title='bbox 729 1487 1000 1569; x_wconf 82' lang='lat' dir='ltr'><strong>argumentatione</strong></span> <span class='ocrx_word' id='word_1_81' title='bbox 1023 1489 1205 1554; x_wconf 90' lang='lat' dir='ltr'><strong>conclusum</strong></span> 
     </span>
     <span class='ocr_line' id='line_1_12' title="bbox 116 1592 1206 1678; baseline 0.001 -18"><span class='ocrx_word' id='word_1_82' title='bbox 116 1603 175 1661; x_wconf 88' lang='lat' dir='ltr'><strong>est.</strong></span> <span class='ocrx_word' id='word_1_83' title='bbox 223 1596 309 1662; x_wconf 86' lang='lat' dir='ltr'><strong>Sanc</strong></span> <span class='ocrx_word' id='word_1_84' title='bbox 337 1596 465 1678; x_wconf 89' lang='lat' dir='ltr'><strong>quidem</strong></span> <span class='ocrx_word' id='word_1_85' title='bbox 494 1597 540 1662; x_wconf 88' lang='lat' dir='ltr'><strong>ita</strong></span> <span class='ocrx_word' id='word_1_86' title='bbox 569 1594 654 1677; x_wconf 88' lang='lat' dir='ltr'><strong>loqui</strong></span> <span class='ocrx_word' id='word_1_87' title='bbox 684 1592 757 1660; x_wconf 91' lang='lat' dir='ltr'><strong>licet</strong></span> <span class='ocrx_word' id='word_1_88' title='bbox 785 1593 819 1658; x_wconf 89' lang='lat' dir='ltr'><strong>in</strong></span> <span class='ocrx_word' id='word_1_89' title='bbox 848 1593 938 1678; x_wconf 88' lang='lat' dir='ltr'><strong>epico</strong></span> <span class='ocrx_word' id='word_1_90' title='bbox 963 1595 1119 1677; x_wconf 88' lang='lat' dir='ltr'><strong>carmine,</strong></span> <span class='ocrx_word' id='word_1_91' title='bbox 1152 1603 1206 1661; x_wconf 88' lang='lat' dir='ltr'><strong>ant</strong></span> 
     </span>
     <span class='ocr_line' id='line_1_13' title="bbox 117 1699 1201 1788; baseline 0 -20"><span class='ocrx_word' id='word_1_92' title='bbox 117 1704 259 1786; x_wconf 85' lang='lat' dir='ltr'><strong>elegiaco</strong></span> <span class='ocrx_word' id='word_1_93' title='bbox 288 1708 344 1768; x_wconf 88' lang='lat' dir='ltr'><strong>aut</strong></span> <span class='ocrx_word' id='word_1_94' title='bbox 373 1703 491 1788; x_wconf 86' lang='lat' dir='ltr'><strong>lyrico,</strong></span> <span class='ocrx_word' id='word_1_95' title='bbox 522 1709 557 1769; x_wconf 91' lang='lat' dir='ltr'><strong>ut</strong></span> <span class='ocrx_word' id='word_1_96' title='bbox 585 1703 619 1767; x_wconf 92' lang='lat' dir='ltr'><strong>in</strong></span> <span class='ocrx_word' id='word_1_97' title='bbox 648 1699 749 1785; x_wconf 82' lang='lat' dir='ltr'><strong>epigr.</strong></span> <span class='ocrx_word' id='word_1_98' title='bbox 782 1700 891 1766; x_wconf 89' lang='lat' dir='ltr'><strong>incert.</strong></span> <span class='ocrx_word' id='word_1_99' title='bbox 910 1701 1001 1766; x_wconf 85' lang='lat' dir='ltr'>XIII.</span> <span class='ocrx_word' id='word_1_100' title='bbox 1027 1722 1053 1768; x_wconf 92' lang='lat' dir='ltr'><strong>s.</strong></span> <span class='ocrx_word' id='word_1_101' title='bbox 1072 1703 1201 1770; x_wconf 83' lang='lat' dir='ltr'><strong>Anthol.</strong></span> 
     </span>
     <span class='ocr_line' id='line_1_14' title="bbox 118 1811 376 1877; baseline -0.004 -2"><span class='ocrx_word' id='word_1_102' title='bbox 118 1812 188 1876; x_wconf 89' lang='lat' dir='ltr'><strong>Pal.</strong></span> <span class='ocrx_word' id='word_1_103' title='bbox 206 1811 283 1877; x_wconf 86' lang='lat' dir='ltr'>XII.</span> <span class='ocrx_word' id='word_1_104' title='bbox 304 1815 376 1875; x_wconf 88' lang='lat'>107.</span> 
     </span>
    </p>
   </div>
   <div class='ocr_carea' id='block_1_3' title="bbox 183 2016 1168 2435">
    <p class='ocr_par' dir='ltr' id='par_1_3' title="bbox 183 2016 1168 2324">
     <span class='ocr_line' id='line_1_15' title="bbox 203 2016 1168 2110; baseline 0.001 -20"><span class='ocrx_word' id='word_1_105' title='bbox 203 2022 262 2092; x_wconf 81' lang='grc' dir='ltr'><strong>τὸν</strong></span> <span class='ocrx_word' id='word_1_106' title='bbox 283 2019 402 2104; x_wconf 88' lang='grc' dir='ltr'><strong><em>καλόν,</em></strong></span> <span class='ocrx_word' id='word_1_107' title='bbox 427 2016 454 2088; x_wconf 77' lang='grc' dir='ltr'><strong><em>ὦ</em></strong></span> <span class='ocrx_word' id='word_1_108' title='bbox 477 2019 640 2110; x_wconf 77' lang='grc' dir='ltr'><strong><em>Χάριτες,</em></strong></span> <span class='ocrx_word' id='word_1_109' title='bbox 662 2018 860 2104; x_wconf 83' lang='grc' dir='ltr'><strong><em>Διονύσιον,</em></strong></span> <span class='ocrx_word' id='word_1_110' title='bbox 884 2017 916 2090; x_wconf 84' lang='grc' dir='ltr'><strong>εἰ</strong></span> <span class='ocrx_word' id='word_1_111' title='bbox 936 2021 997 2105; x_wconf 76' lang='grc' dir='ltr'><strong>μὲν</strong></span> <span class='ocrx_word' id='word_1_112' title='bbox 1019 2020 1130 2091; x_wconf 67' lang='grc' dir='ltr'><strong><em>ἕλοιτο</em></strong></span> <span class='ocrx_word' id='word_1_113' title='bbox 1166 2061 1168 2068; x_wconf 84' lang='grc'><em>·</em></span> 
     </span>
     <span class='ocr_line' id='line_1_16' title="bbox 183 2119 1042 2217; baseline -0.003 -19"><span class='ocrx_word' id='word_1_114' title='bbox 183 2169 186 2176; x_wconf 88' lang='grc'><strong><em>·</em></strong></span> <span class='ocrx_word' id='word_1_115' title='bbox 279 2126 387 2215; x_wconf 77' lang='grc' dir='ltr'><strong><em>τάμά,</em></strong></span> <span class='ocrx_word' id='word_1_116' title='bbox 410 2129 468 2198; x_wconf 82' lang='grc' dir='ltr'><strong>καὶ</strong></span> <span class='ocrx_word' id='word_1_117' title='bbox 490 2127 540 2208; x_wconf 76' lang='grc' dir='ltr'><strong>εἰς</strong></span> <span class='ocrx_word' id='word_1_118' title='bbox 562 2127 652 2217; x_wconf 76' lang='grc' dir='ltr'><strong><em>ὥρας</em></strong></span> <span class='ocrx_word' id='word_1_119' title='bbox 673 2119 769 2206; x_wconf 76' lang='grc' dir='ltr'><strong><em>αὖτις</em></strong></span> <span class='ocrx_word' id='word_1_120' title='bbox 788 2121 903 2216; x_wconf 67' lang='grc' dir='ltr'><strong><em>ἄγοιτο</em></strong></span> <span class='ocrx_word' id='word_1_121' title='bbox 924 2125 1042 2196; x_wconf 85' lang='grc' dir='ltr'><strong><em>καλόν·</em></strong></span> 
     </span>
     <span class='ocr_line' id='line_1_17' title="bbox 204 2233 1118 2324; baseline -0.001 -20"><span class='ocrx_word' id='word_1_122' title='bbox 204 2233 237 2304; x_wconf 79' lang='grc' dir='ltr'><strong>εἰ</strong></span> <span class='ocrx_word' id='word_1_123' title='bbox 259 2233 289 2304; x_wconf 70' lang='grc' dir='ltr'><strong>δ’</strong></span> <span class='ocrx_word' id='word_1_124' title='bbox 312 2235 425 2323; x_wconf 70' lang='grc' dir='ltr'><strong><em>ἕτερον</em></strong></span> <span class='ocrx_word' id='word_1_125' title='bbox 447 2236 608 2324; x_wconf 81' lang='grc' dir='ltr'><strong><em>οτέρξειε,</em></strong></span> <span class='ocrx_word' id='word_1_126' title='bbox 632 2234 752 2323; x_wconf 77' lang='grc' dir='ltr'><strong><em>παρεὶς</em></strong></span> <span class='ocrx_word' id='word_1_127' title='bbox 773 2233 850 2320; x_wconf 76' lang='grc' dir='ltr'><strong><em>ἐμέ,</em></strong></span> <span class='ocrx_word' id='word_1_128' title='bbox 870 2233 994 2324; x_wconf 77' lang='grc' dir='ltr'><strong><em>μύρτον</em></strong></span> <span class='ocrx_word' id='word_1_129' title='bbox 1017 2235 1118 2303; x_wconf 69' lang='grc' dir='ltr'><strong><em>ἕωλον</em></strong></span> 
     </span>
    </p>

    <p class='ocr_par' dir='ltr' id='par_1_4' title="bbox 257 2339 1014 2435">
     <span class='ocr_line' id='line_1_18' title="bbox 257 2339 1014 2435; baseline -0.003 -23"><span class='ocrx_word' id='word_1_130' title='bbox 257 2417 263 2423; x_wconf 61' lang='grc'><strong><em>,</em></strong></span> <span class='ocrx_word' id='word_1_131' title='bbox 305 2343 459 2435; x_wconf 44' lang='lat' dir='ltr'><strong>&amp;tp-dm</strong></span> <span class='ocrx_word' id='word_1_132' title='bbox 481 2345 595 2434; x_wconf 77' lang='grc' dir='ltr'><strong><em>ξηροῖς</em></strong></span> <span class='ocrx_word' id='word_1_133' title='bbox 616 2339 803 2434; x_wconf 75' lang='grc' dir='ltr'><strong><em>φερόμενον</em></strong></span> <span class='ocrx_word' id='word_1_134' title='bbox 824 2341 1014 2429; x_wconf 78' lang='grc' dir='ltr'><strong><em>σκυβάλοις.</em></strong></span> 
     </span>
    </p>
   </div>
   <div class='ocr_carea' id='block_1_4' title="bbox 115 2552 1201 2648">
    <p class='ocr_par' dir='ltr' id='par_1_5' title="bbox 115 2552 1201 2648">
     <span class='ocr_line' id='line_1_19' title="bbox 115 2552 1201 2648; baseline 0.003 -20"><span class='ocrx_word' id='word_1_135' title='bbox 115 2564 159 2628; x_wconf 80' lang='lat' dir='ltr'><strong>At</strong></span> <span class='ocrx_word' id='word_1_136' title='bbox 179 2562 266 2648; x_wconf 87' lang='lat' dir='ltr'><strong>apud</strong></span> <span class='ocrx_word' id='word_1_137' title='bbox 281 2563 404 2630; x_wconf 83' lang='lat' dir='ltr'><strong>Atticos</strong></span> <span class='ocrx_word' id='word_1_138' title='bbox 425 2571 457 2630; x_wconf 89' lang='lat' dir='ltr'><strong>et</strong></span> <span class='ocrx_word' id='word_1_139' title='bbox 479 2563 513 2628; x_wconf 93' lang='lat' dir='ltr'><strong>in</strong></span> <span class='ocrx_word' id='word_1_140' title='bbox 534 2581 630 2645; x_wconf 86' lang='lat' dir='ltr'><strong>prosa</strong></span> <span class='ocrx_word' id='word_1_141' title='bbox 652 2559 793 2626; x_wconf 87' lang='lat' dir='ltr'><strong>oratione</strong></span> <span class='ocrx_word' id='word_1_142' title='bbox 815 2552 865 2635; x_wconf 81' lang='grc' dir='ltr'><strong>εἷς</strong></span> <span class='ocrx_word' id='word_1_143' title='bbox 885 2557 948 2635; x_wconf 66' lang='lat' dir='ltr'><strong>cde</strong></span> <span class='ocrx_word' id='word_1_144' title='bbox 970 2555 1058 2647; x_wconf 77' lang='grc' dir='ltr'><strong><em>ὥρας</em></strong></span> <span class='ocrx_word' id='word_1_145' title='bbox 1075 2564 1201 2647; x_wconf 90' lang='lat' dir='ltr'><strong>dicitur,</strong></span> 
     </span>
    </p>
   </div>
   <div class='ocr_carea' id='block_1_5' title="bbox 4 2667 1201 2754">
    <p class='ocr_par' dir='ltr' id='par_1_6' title="bbox 4 2667 1201 2754">
     <span class='ocr_line' id='line_1_20' title="bbox 4 2667 1201 2754; baseline 0.003 -18"><span class='ocrx_word' id='word_1_146' title='bbox 4 2711 5 2714; x_wconf 60' lang='lat'><em>=</em></span> <span class='ocrx_word' id='word_1_147' title='bbox 115 2671 170 2736; x_wconf 92' lang='lat' dir='ltr'><strong>ubi</strong></span> <span class='ocrx_word' id='word_1_148' title='bbox 197 2689 300 2735; x_wconf 84' lang='lat' dir='ltr'><strong>annus</strong></span> <span class='ocrx_word' id='word_1_149' title='bbox 329 2670 491 2754; x_wconf 84' lang='lat' dir='ltr'><strong>proximus</strong></span> <span class='ocrx_word' id='word_1_150' title='bbox 514 2667 726 2752; x_wconf 82' lang='lat' dir='ltr'><strong>significatur:</strong></span> <span class='ocrx_word' id='word_1_151' title='bbox 755 2688 787 2734; x_wconf 85' lang='grc' dir='ltr'><strong>ν.</strong></span> <span class='ocrx_word' id='word_1_152' title='bbox 810 2667 921 2752; x_wconf 77' lang='lat' dir='ltr'><strong>Eurip.</strong></span> <span class='ocrx_word' id='word_1_153' title='bbox 946 2668 1017 2753; x_wconf 92' lang='lat' dir='ltr'><strong>Iph.</strong></span> <span class='ocrx_word' id='word_1_154' title='bbox 1035 2671 1107 2738; x_wconf 86' lang='lat' dir='ltr'><strong>Aul.</strong></span> <span class='ocrx_word' id='word_1_155' title='bbox 1130 2678 1201 2741; x_wconf 75' lang='lat'><strong>122.</strong></span> 
     </span>
    </p>
   </div>
   <div class='ocr_carea' id='block_1_6' title="bbox 115 2775 1206 3603">
    <p class='ocr_par' dir='ltr' id='par_1_7' title="bbox 115 2775 1206 3603">
     <span class='ocr_line' id='line_1_21' title="bbox 115 2775 1200 2861; baseline 0.006 -19"><span class='ocrx_word' id='word_1_156' title='bbox 115 2777 278 2861; x_wconf 87' lang='lat' dir='ltr'><strong>Aristoph.</strong></span> <span class='ocrx_word' id='word_1_157' title='bbox 287 2777 368 2843; x_wconf 87' lang='lat' dir='ltr'><strong>Rau.</strong></span> <span class='ocrx_word' id='word_1_158' title='bbox 380 2780 454 2842; x_wconf 86' lang='grc'><strong>380.</strong></span> <span class='ocrx_word' id='word_1_159' title='bbox 466 2777 549 2842; x_wconf 88' lang='lat' dir='ltr'><strong>Nnb.</strong></span> <span class='ocrx_word' id='word_1_160' title='bbox 562 2775 768 2842; x_wconf 71' lang='lat' dir='ltr'><strong>562&#39;I&#39;hesm.</strong></span> <span class='ocrx_word' id='word_1_161' title='bbox 780 2778 855 2839; x_wconf 77' lang='lat'><strong>950.</strong></span> <span class='ocrx_word' id='word_1_162' title='bbox 867 2775 961 2860; x_wconf 83' lang='lat' dir='ltr'><strong>Diog.</strong></span> <span class='ocrx_word' id='word_1_163' title='bbox 972 2777 1077 2844; x_wconf 86' lang='lat' dir='ltr'><strong>Lacrt.</strong></span> <span class='ocrx_word' id='word_1_164' title='bbox 1093 2781 1135 2846; x_wconf 93' lang='lat' dir='ltr'><strong>II.</strong></span> <span class='ocrx_word' id='word_1_165' title='bbox 1148 2786 1200 2849; x_wconf 77' lang='lat'><strong>32.</strong></span> 
     </span>
     <span class='ocr_line' id='line_1_22' title="bbox 116 2883 1204 2972; baseline 0.006 -22"><span class='ocrx_word' id='word_1_166' title='bbox 116 2885 171 2968; x_wconf 90' lang='lat' dir='ltr'><strong>qui</strong></span> <span class='ocrx_word' id='word_1_167' title='bbox 191 2885 280 2952; x_wconf 88' lang='lat' dir='ltr'><strong>Iocus</strong></span> <span class='ocrx_word' id='word_1_168' title='bbox 301 2885 335 2950; x_wconf 91' lang='lat' dir='ltr'><strong>in</strong></span> <span class='ocrx_word' id='word_1_169' title='bbox 357 2884 468 2970; x_wconf 90' lang='lat' dir='ltr'><strong>primis</strong></span> <span class='ocrx_word' id='word_1_170' title='bbox 482 2885 525 2950; x_wconf 91' lang='lat' dir='ltr'><strong>ad</strong></span> <span class='ocrx_word' id='word_1_171' title='bbox 547 2883 630 2948; x_wconf 90' lang='lat' dir='ltr'><strong>hanc</strong></span> <span class='ocrx_word' id='word_1_172' title='bbox 644 2903 710 2950; x_wconf 89' lang='lat' dir='ltr'><strong>rem</strong></span> <span class='ocrx_word' id='word_1_173' title='bbox 724 2883 980 2950; x_wconf 86' lang='lat' dir='ltr'><strong>accommodatus</strong></span> <span class='ocrx_word' id='word_1_174' title='bbox 996 2892 1054 2952; x_wconf 90' lang='lat' dir='ltr'><strong>est.</strong></span> <span class='ocrx_word' id='word_1_175' title='bbox 1078 2888 1128 2954; x_wconf 81' lang='lat' dir='ltr'><strong>Ex</strong></span> <span class='ocrx_word' id='word_1_176' title='bbox 1143 2911 1204 2972; x_wconf 90' lang='lat' dir='ltr'><strong>qno</strong></span> 
     </span>
     <span class='ocr_line' id='line_1_23' title="bbox 117 2989 1204 3078; baseline 0.006 -21"><span class='ocrx_word' id='word_1_177' title='bbox 117 2999 261 3076; x_wconf 88' lang='lat' dir='ltr'><strong>apertum</strong></span> <span class='ocrx_word' id='word_1_178' title='bbox 272 2998 326 3069; x_wconf 83' lang='lat' dir='ltr'><strong>est</strong></span> <span class='ocrx_word' id='word_1_179' title='bbox 340 2991 432 3058; x_wconf 86' lang='lat' dir='ltr'><strong>aliter</strong></span> <span class='ocrx_word' id='word_1_180' title='bbox 447 2989 668 3074; x_wconf 85' lang='lat' dir='ltr'><strong>explicandam</strong></span> <span class='ocrx_word' id='word_1_181' title='bbox 683 3009 755 3056; x_wconf 87' lang='lat' dir='ltr'><strong>esse</strong></span> <span class='ocrx_word' id='word_1_182' title='bbox 769 2990 852 3056; x_wconf 89' lang='lat' dir='ltr'><strong>hanc</strong></span> <span class='ocrx_word' id='word_1_183' title='bbox 867 2990 1044 3078; x_wconf 85' lang='lat' dir='ltr'><strong>formulam.</strong></span> <span class='ocrx_word' id='word_1_184' title='bbox 1078 2995 1125 3062; x_wconf 87' lang='lat' dir='ltr'><strong>Ac</strong></span> <span class='ocrx_word' id='word_1_185' title='bbox 1141 3019 1204 3064; x_wconf 92' lang='lat' dir='ltr'><strong>non</strong></span> 
     </span>
     <span class='ocr_line' id='line_1_24' title="bbox 118 3092 1204 3185; baseline 0.007 -21"><span class='ocrx_word' id='word_1_186' title='bbox 118 3099 220 3164; x_wconf 80' lang='lat' dir='ltr'><strong>solum</strong></span> <span class='ocrx_word' id='word_1_187' title='bbox 241 3093 286 3184; x_wconf 78' lang='grc' dir='ltr'><strong>μὴ</strong></span> <span class='ocrx_word' id='word_1_188' title='bbox 307 3092 433 3185; x_wconf 77' lang='grc' dir='ltr'><strong><em>ὥρασιν</em></strong></span> <span class='ocrx_word' id='word_1_189' title='bbox 452 3092 606 3177; x_wconf 71' lang='grc' dir='ltr'><strong><em>ἱκέσθαι,</em></strong></span> <span class='ocrx_word' id='word_1_190' title='bbox 629 3097 687 3164; x_wconf 80' lang='lat' dir='ltr'><strong>sed</strong></span> <span class='ocrx_word' id='word_1_191' title='bbox 702 3097 797 3163; x_wconf 86' lang='lat' dir='ltr'><strong>etiam</strong></span> <span class='ocrx_word' id='word_1_192' title='bbox 811 3093 857 3185; x_wconf 77' lang='grc' dir='ltr'><strong>μὴ</strong></span> <span class='ocrx_word' id='word_1_193' title='bbox 875 3093 965 3185; x_wconf 75' lang='grc' dir='ltr'><strong><em>(ἶν’ρας</em></strong></span> <span class='ocrx_word' id='word_1_194' title='bbox 979 3095 1136 3183; x_wconf 71' lang='grc' dir='ltr'><strong><em>ἱκέσθαι,</em></strong></span> <span class='ocrx_word' id='word_1_195' title='bbox 1154 3113 1204 3172; x_wconf 86' lang='lat' dir='ltr'><strong>at-</strong></span> 
     </span>
     <span class='ocr_line' id='line_1_25' title="bbox 117 3199 1206 3293; baseline 0.006 -20"><span class='ocrx_word' id='word_1_196' title='bbox 117 3226 177 3288; x_wconf 87' lang='lat' dir='ltr'><strong>que</strong></span> <span class='ocrx_word' id='word_1_197' title='bbox 191 3205 275 3272; x_wconf 87' lang='lat' dir='ltr'><strong>adeo</strong></span> <span class='ocrx_word' id='word_1_198' title='bbox 296 3200 341 3292; x_wconf 82' lang='grc' dir='ltr'><strong>μὴ</strong></span> <span class='ocrx_word' id='word_1_199' title='bbox 357 3199 447 3289; x_wconf 75' lang='grc' dir='ltr'><strong><em>ὥραν</em></strong></span> <span class='ocrx_word' id='word_1_200' title='bbox 461 3200 552 3280; x_wconf 83' lang='grc' dir='ltr'><strong><em>τινὸς</em></strong></span> <span class='ocrx_word' id='word_1_201' title='bbox 570 3199 745 3290; x_wconf 71' lang='grc' dir='ltr'><strong><em>γίγνεσθαι</em></strong></span> <span class='ocrx_word' id='word_1_202' title='bbox 760 3204 823 3271; x_wconf 90' lang='lat' dir='ltr'><strong>dici</strong></span> <span class='ocrx_word' id='word_1_203' title='bbox 837 3205 1000 3287; x_wconf 85' lang='lat' dir='ltr'><strong>videmus,</strong></span> <span class='ocrx_word' id='word_1_204' title='bbox 1024 3230 1088 3293; x_wconf 86' lang='lat' dir='ltr'><strong>qua</strong></span> <span class='ocrx_word' id='word_1_205' title='bbox 1103 3212 1206 3278; x_wconf 83' lang='lat' dir='ltr'><strong>somna</strong></span> 
     </span>
     <span class='ocr_line' id='line_1_26' title="bbox 118 3311 1200 3396; baseline 0.006 -18"><span class='ocrx_word' id='word_1_206' title='bbox 118 3331 195 3378; x_wconf 85' lang='lat' dir='ltr'><strong>usus</strong></span> <span class='ocrx_word' id='word_1_207' title='bbox 210 3312 452 3378; x_wconf 82' lang='lat' dir='ltr'><strong>cstTimocreon</strong></span> <span class='ocrx_word' id='word_1_208' title='bbox 465 3311 606 3378; x_wconf 88' lang='lat' dir='ltr'><strong>Rhodius</strong></span> <span class='ocrx_word' id='word_1_209' title='bbox 622 3312 707 3396; x_wconf 87' lang='lat' dir='ltr'><strong>apud</strong></span> <span class='ocrx_word' id='word_1_210' title='bbox 717 3311 920 3378; x_wconf 82' lang='lat' dir='ltr'><strong>Plutarchum</strong></span> <span class='ocrx_word' id='word_1_211' title='bbox 931 3315 1084 3383; x_wconf 81' lang='lat' dir='ltr'><strong>Themist.</strong></span> <span class='ocrx_word' id='word_1_212' title='bbox 1103 3339 1132 3384; x_wconf 88' lang='lat' dir='ltr'><strong>o.</strong></span> <span class='ocrx_word' id='word_1_213' title='bbox 1148 3325 1200 3386; x_wconf 82' lang='lat'><strong>21.</strong></span> 
     </span>
     <span class='ocr_line' id='line_1_27' title="bbox 118 3418 1204 3511; baseline 0.011 -28"><span class='ocrx_word' id='word_1_214' title='bbox 118 3419 207 3484; x_wconf 87' lang='lat' dir='ltr'><strong>cuins</strong></span> <span class='ocrx_word' id='word_1_215' title='bbox 223 3437 352 3496; x_wconf 84' lang='lat' dir='ltr'><strong>verens,</strong></span> <span class='ocrx_word' id='word_1_216' title='bbox 377 3420 432 3503; x_wconf 90' lang='lat' dir='ltr'><strong>qni</strong></span> <span class='ocrx_word' id='word_1_217' title='bbox 446 3439 486 3486; x_wconf 81' lang='lat' dir='ltr'><strong>ex</strong></span> <span class='ocrx_word' id='word_1_218' title='bbox 501 3418 635 3502; x_wconf 82' lang='lat' dir='ltr'><strong>epitritis</strong></span> <span class='ocrx_word' id='word_1_219' title='bbox 650 3425 682 3485; x_wconf 91' lang='lat' dir='ltr'><strong>et</strong></span> <span class='ocrx_word' id='word_1_220' title='bbox 696 3419 862 3504; x_wconf 72' lang='lat' dir='ltr'><strong>dactylicis</strong></span> <span class='ocrx_word' id='word_1_221' title='bbox 884 3420 1022 3487; x_wconf 86' lang='lat' dir='ltr'><strong>numeris</strong></span> <span class='ocrx_word' id='word_1_222' title='bbox 1037 3429 1204 3511; x_wconf 83' lang='lat' dir='ltr'><strong>compositi</strong></span> 
     </span>
     <span class='ocr_line' id='line_1_28' title="bbox 119 3525 622 3603; baseline 0 -13"><span class='ocrx_word' id='word_1_223' title='bbox 119 3532 209 3603; x_wconf 87' lang='lat' dir='ltr'><strong>sunt,</strong></span> <span class='ocrx_word' id='word_1_224' title='bbox 226 3526 271 3590; x_wconf 90' lang='lat' dir='ltr'><strong>ita</strong></span> <span class='ocrx_word' id='word_1_225' title='bbox 285 3525 442 3592; x_wconf 84' lang='lat' dir='ltr'><strong>scribemii</strong></span> <span class='ocrx_word' id='word_1_226' title='bbox 458 3525 622 3593; x_wconf 75' lang='lat' dir='ltr'><strong>videnum:</strong></span> 
     </span>
    </p>
   </div>
   <div class='ocr_carea' id='block_1_7' title="bbox 110 3733 1250 4262">
    <p class='ocr_par' dir='ltr' id='par_1_8' title="bbox 110 3733 1250 4262">
     <span class='ocr_line' id='line_1_29' title="bbox 110 3733 1203 3832; baseline 0.009 -28"><span class='ocrx_word' id='word_1_227' title='bbox 110 3797 113 3804; x_wconf 91' lang='lat'>.</span> <span class='ocrx_word' id='word_1_228' title='bbox 205 3733 278 3804; x_wconf 76' lang='grc' dir='ltr'><strong>ἀλλ’</strong></span> <span class='ocrx_word' id='word_1_229' title='bbox 316 3736 349 3808; x_wconf 80' lang='grc' dir='ltr'><strong>εἰ</strong></span> <span class='ocrx_word' id='word_1_230' title='bbox 384 3734 461 3827; x_wconf 74' lang='grc' dir='ltr'><strong>τύγε</strong></span> <span class='ocrx_word' id='word_1_231' title='bbox 488 3735 703 3824; x_wconf 81' lang='grc' dir='ltr'><strong><em>Παυσανίαν,</em></strong></span> <span class='ocrx_word' id='word_1_232' title='bbox 741 3735 763 3830; x_wconf 74' lang='grc' dir='ltr'>ἢ</span> <span class='ocrx_word' id='word_1_233' title='bbox 799 3742 857 3810; x_wconf 82' lang='grc' dir='ltr'><strong>καὶ</strong></span> <span class='ocrx_word' id='word_1_234' title='bbox 889 3742 965 3832; x_wconf 78' lang='grc' dir='ltr'><strong>τύγε</strong></span> <span class='ocrx_word' id='word_1_235' title='bbox 997 3742 1203 3818; x_wconf 70' lang='grc' dir='ltr'><strong><em>Ξάνθιππον</em></strong></span> 
     </span>
     <span class='ocr_line' id='line_1_30' title="bbox 670 3845 787 3932; baseline 0 -16"><span class='ocrx_word' id='word_1_236' title='bbox 670 3845 787 3932; x_wconf 77' lang='grc' dir='ltr'><strong><em>αἰνεῖς,</em></strong></span> 
     </span>
     <span class='ocr_line' id='line_1_31' title="bbox 206 3947 1122 4043; baseline 0.007 -21"><span class='ocrx_word' id='word_1_237' title='bbox 206 3947 324 4042; x_wconf 60' lang='lat' dir='ltr'><strong>&#39;desim</strong></span> <span class='ocrx_word' id='word_1_238' title='bbox 344 3952 575 4038; x_wconf 69' lang='grc' dir='ltr'><strong><em>Λευτυχίδαν,</em></strong></span> <span class='ocrx_word' id='word_1_239' title='bbox 599 3953 662 4042; x_wconf 73' lang='grc' dir='ltr'><strong>ἐγὼ</strong></span> <span class='ocrx_word' id='word_1_240' title='bbox 682 3951 714 4022; x_wconf 83' lang='lat' dir='ltr'><strong>d&#39;</strong></span> <span class='ocrx_word' id='word_1_241' title='bbox 736 3954 944 4043; x_wconf 67' lang='grc' dir='ltr'><strong><em>Ἀριστείδαν</em></strong></span> <span class='ocrx_word' id='word_1_242' title='bbox 967 3959 1122 4043; x_wconf 75' lang='grc' dir='ltr'><strong><em>ἐπαινέω,</em></strong></span> 
     </span>
     <span class='ocr_line' id='line_1_32' title="bbox 208 4052 1250 4152; baseline 0.009 -27"><span class='ocrx_word' id='word_1_243' title='bbox 208 4053 297 4152; x_wconf 71' lang='grc' dir='ltr'><strong><em>ἄνδρ’</em></strong></span> <span class='ocrx_word' id='word_1_244' title='bbox 321 4059 414 4148; x_wconf 73' lang='grc' dir='ltr'><strong><em>ἱερᾶν</em></strong></span> <span class='ocrx_word' id='word_1_245' title='bbox 436 4057 496 4130; x_wconf 78' lang='grc' dir='ltr'><strong>ἀπ’</strong></span> <span class='ocrx_word' id='word_1_246' title='bbox 518 4064 666 4130; x_wconf 62' lang='grc' dir='ltr'><strong><em>Ἀθανᾶν</em></strong></span> <span class='ocrx_word' id='word_1_247' title='bbox 1246 4052 1250 4057; x_wconf 46' lang='grc'>’</span> 
     </span>
     <span class='ocr_line' id='line_1_33' title="bbox 208 4164 1200 4262; baseline 0.004 -26"><span class='ocrx_word' id='word_1_248' title='bbox 208 4164 319 4236; x_wconf 74' lang='grc' dir='ltr'><strong><em>ἐλθεῖν</em></strong></span> <span class='ocrx_word' id='word_1_249' title='bbox 342 4167 400 4236; x_wconf 73' lang='grc' dir='ltr'><strong>ἕνα</strong></span> <span class='ocrx_word' id='word_1_250' title='bbox 422 4170 565 4258; x_wconf 75' lang='grc' dir='ltr'><strong><em>λῷστον·</em></strong></span> <span class='ocrx_word' id='word_1_251' title='bbox 594 4168 670 4236; x_wconf 72' lang='grc' dir='ltr'><strong><em>ἐπεὶ</em></strong></span> <span class='ocrx_word' id='word_1_252' title='bbox 687 4168 915 4262; x_wconf 52' lang='grc' dir='ltr'><strong><em>,Θεμιστοκλῆ</em></strong></span> <span class='ocrx_word' id='word_1_253' title='bbox 937 4167 1066 4261; x_wconf 78' lang='grc' dir='ltr'><strong><em>ἤχθαρε</em></strong></span> <span class='ocrx_word' id='word_1_254' title='bbox 1080 4173 1200 4259; x_wconf 73' lang='grc' dir='ltr'><strong><em>Λακαί,</em></strong></span> 
     </span>
    </p>
   </div>
   <div class='ocr_carea' id='block_1_8' title="bbox 0 0 1470 4962">
    <p class='ocr_par' dir='ltr' id='par_1_9' title="bbox 0 0 1470 4962">
     <span class='ocr_line' id='line_1_34' title="bbox 0 0 1470 4962; baseline 0 0"><span class='ocrx_word' id='word_1_255' title='bbox 0 0 1470 4962; x_wconf 95' lang='lat' dir='ltr'><strong> </strong></span> 
     </span>
    </p>
   </div>
  </div>
 </body>
</html>
