2930 4962
430 395 466 436 or
482 393 703 436 rarumirtorre
720 393 905 436 marom.
1174 373 1213 436 13

125 544 180 623 qui
202 548 361 625 anapaesti
387 555 544 608 vocantur.
579 547 612 606 ln
633 545 748 625 quibus
768 565 830 607 non
846 547 946 608 sotum
962 546 993 606 hi
1009 554 1070 607 tres
1085 564 1217 625 permu-

126 655 234 708 tantur
249 651 381 728 numeri,

214 733 298 798 Lw'

214 961 317 1005 orm

125 1061 183 1122 sed
198 1061 317 1124 accedit
331 1063 423 1124 etiam
439 1063 613 1125 coniunctio
628 1061 755 1124 secundi
770 1072 802 1123 et
816 1062 907 1142 tertii,

215 1167 289 1211 oo.

124 1287 207 1348 quae
230 1269 289 1349 legi
310 1287 510 1331 numerorum
530 1279 740 1350 repugnatura
760 1278 858 1348 esset,
883 1270 943 1332 nisi
965 1270 1056 1333 simui
1078 1269 1140 1332 duo
1162 1270 1216 1332 di-

124 1373 208 1433 versi
230 1373 353 1435 numeri
368 1375 618 1454 perciperentur,
644 1392 776 1454 quorum
791 1373 954 1454 utriusque
969 1372 1125 1436 dimidiata
1141 1383 1215 1451 tan-

126 1487 191 1536 tum
208 1495 283 1556 pars
298 1478 392 1556 soniS,
412 1477 551 1557 syllabis
571 1476 706 1539 motibus
722 1477 915 1556 exprimitur,
938 1475 1095 1539 dimidiata
1111 1488 1215 1540 autem

129 1581 216 1641 tacita
230 1579 445 1641 observatione
461 1589 594 1660 notatur,
613 1579 874 1660 quemadmodum
891 1581 922 1640 in
938 1579 1082 1642 hodierna
1101 1583 1215 1642 musica

129 1691 243 1761 tactus,
264 1701 358 1762 quem
374 1692 500 1761 vocant,
526 1684 620 1745 simul
642 1685 811 1766 percipitur
831 1701 902 1744 cum
918 1685 1055 1744 numeris
1070 1702 1215 1746 sonorum

128 1789 328 1863 musicorum,
347 1786 419 1846 licet
434 1785 663 1850 diversissimis.
696 1787 757 1847 Hoc
771 1785 862 1847 modo
877 1785 959 1848 dico:

212 1909 285 1950 καπ
350 1886 375 1934 -‘
438 1909 502 1950 κατ
567 1889 592 1934 A
655 1910 713 1950 και
777 1887 802 1934 -’
866 1887 1009 1952 θαέ

223 2005 275 2039 w
320 2010 403 2054 naua
446 2007 497 2038 oo
530 1993 617 2056 θανε
652 2007 703 2040 w
738 2013 824 2054 κατα
861 2005 912 2037 W
942 2000 1062 2077 ψομεν.

214 2195 309 2278 538.
343 2200 459 2272 Quarto
474 2201 888 2280 pertranspositionem
906 2202 1094 2278 temporis.
1126 2199 1215 2272 Quod

129 2301 162 2361 fit
184 2302 215 2361 in
240 2301 400 2380 dactylicis
420 2304 475 2382 iis,
506 2305 561 2382 qui
584 2302 753 2365 choriambi
773 2312 805 2364 et
825 2303 915 2364 lonici
936 2313 1104 2382 vocantur,
1129 2313 1215 2383 parte

126 2405 249 2466 theseos
272 2405 321 2466 vel
344 2423 531 2467 anaoruseos
556 2407 669 2485 recisa,
700 2414 823 2467 etanta
850 2408 932 2466 arsin
955 2413 1139 2468 anacruseos
1166 2407 1214 2468 vel

125 2509 249 2569 theseos
265 2509 331 2568 looo
347 2509 502 2588 collocata,
520 2509 577 2572 hac
592 2509 704 2572 torma:

213 2612 291 2658 Lw
356 2610 431 2657 Lw
521 2612 647 2697 pr-

212 2713 289 2762 υ-ὐ
355 2713 459 2800 υΙΛυ
517 2713 647 2800 υέιυέ

126 2819 214 2882 Vnde
230 2819 419 2898 ancipitibus
435 2821 545 2881 notatis
560 2819 617 2882 hae
633 2818 748 2880 formae
763 2817 931 2899 prodeunt:

213 2923 312 2969 Aoo-
622 2921 790 2984 choriambi

211 3021 311 3073 Oto-

213 3129 254 3216 Li
269 3131 343 3176 Lw
620 3129 710 3190 lonioi
727 3149 743 3189 a
760 3131 865 3192 maiori

141 3265 145 3275 ·
213 3229 264 3280 AG
277 3233 280 3319 p
295 3249 342 3278 ..υ

213 3337 289 3383 υυέ
304 3335 308 3421 t
322 3331 504 3421 Ltwsst'ss
627 3335 716 3396 lonioi
732 3355 748 3396 a
765 3337 874 3398 minori

214 3439 289 3486 oon
303 3438 307 3524 Ι
321 3433 503 3523 ῦιςυιμ

214 3644 310 3729 ξ39.
343 3647 456 3719 Quinto
478 3663 543 3728 per
562 3647 902 3724 transpositionem
918 3647 1039 3728 partis
1054 3647 1208 3707 numeri.

128 3751 218 3823 Quod
236 3750 270 3811 fit
285 3751 316 3811 in
334 3749 476 3811 versibus
491 3749 663 3832 Glyeoueis,
682 3768 814 3830 quorum
831 3751 979 3811 usitatiori
994 3748 1119 3828 formae,

228 3854 247 3904 J.
292 3854 312 3905 .'.
336 3846 530 3937 'Lusis-pud

130 3957 238 4018 ultimo
261 3955 366 4019 ordine
390 3966 461 4018 ante
483 3953 716 4035 praecedentem
739 3956 898 4036 collocato,
928 3959 1012 4044 etin
1035 3956 1212 4018 trochaeum

132 4068 258 4138 mutato,
277 4060 354 4121 haee
369 4059 465 4120 torma
481 4058 694 4121 substituitur:

230 4163 249 4214 J.
294 4163 312 4215 Ι,
336 4162 403 4248 μυ
417 4163 421 4246 p
435 4161 530 4208 tw.

518 4333 826 4342 .....—-—--
