2896 4960
441 359 478 400 nr
493 357 625 400 rmsrnrs
641 357 817 399 noormrcrs.
1139 339 1191 398 llll

103 511 257 589 Exemplo
273 511 409 590 sitlbyci
424 509 629 590 fragmentum
644 529 693 588 ap.
708 507 818 572 Athen.
832 510 907 570 Xlll.
927 527 980 588 p
973 511 1044 571 aar
1060 511 1092 572 F
1112 509 1198 589 quod

101 616 139 674 ita
156 611 382 676 scribendum:

188 706 359 800 Εδρόαλε,
383 709 550 800 γλαυκίον
572 706 731 834 Χαρίτων
751 708 872 793 θάλος,

188 915 403 1004 καλλικόμων
422 915 610 1007 μελέδημα,
633 915 672 986 σί
692 915 754 1003 μίν
776 914 910 1007 Κύπρις

188 1047 245 1088 ατ
243 1017 670 1113 ’δγανοβλίφαρσςΠειδδ
689 1017 857 1110 ῥοδέοισιν
869 1014 1036 1090 &odotem
1049 1021 1194 1112 θρέψαν.

96 1129 177 1194 Vide
193 1128 214 1212 ξ
231 1131 305 1192 305.

186 1333 303 1416 9303.
322 1333 418 1399 Addit
429 1336 611 1398 hisServius
627 1345 890 1399 octametrum
907 1337 1191 1401 catalecticum

96 1443 133 1501 in
157 1441 382 1521 syllabam,
405 1448 603 1520 quemvocat
623 1441 919 1518 heptametrum
942 1441 1193 1521 hypercata-

100 1545 209 1606 lectu
219 1563 250 1604 m
266 1543 463 1624 lbycium,
481 1563 499 1604 e
514 1551 632 1624 septem
645 1542 775 1625 dactylis
791 1552 823 1604 et
837 1543 967 1622 syllaba,
980 1545 1191 1610 huiuscemodi

102 1647 281 1728 exemplum
296 1666 432 1728 ponens:

186 1751 358 1814 vacceos
374 1751 429 1814 tibi
441 1749 604 1834 dactylicos
620 1751 725 1827 cecriri,
740 1767 819 1832 poor
835 1752 951 1831 optime,
971 1771 1044 1836 quos
1058 1753 1167 1834 socios.

186 1953 304 2038 5304.
329 1959 442 2021 Marius
464 1957 636 2018 Victorinus
659 1957 752 2018 etiam
778 1964 1041 2020 octametrum
1073 1968 1190 2022 cata-

108 2060 292 2124 lecticum
308 2060 610 2140 indisyllabum
627 2059 963 2139 usurpatumscribitp.
977 2063 1033 2124 254
1043 2067 1071 2124 9.
1090 2065 1190 2136 Quem

110 2161 273 2227 videndum
288 2183 329 2226 ne
344 2165 508 2226 commenti
531 2165 594 2225 sint
610 2164 725 2224 metrici
741 2163 910 2226 coniunctis
929 2166 960 2224 in
977 2183 1073 2228 unum
1090 2175 1191 2230 tetra-

103 2269 207 2330 metris
222 2267 390 2330 acatalecto
404 2277 436 2330 et
450 2268 625 2336 catalectico
640 2267 671 2328 in
688 2265 888 2346 disyllabum,
908 2287 986 2347 quos
1002 2269 1189 2332 alternantes

97 2372 243 2452 posuisse
254 2369 382 2452 quidam
398 2371 555 2452 videntur,
573 2367 743 2434 utAlcman
759 2371 791 2432 in
806 2389 843 2432 eo
853 2371 998 2450 carmine,
1018 2370 1102 2434 unde
1117 2381 1192 2437 suut

96 2474 206 2557 nagan.
228 2476 280 2537 aa.
300 2483 332 2538 el
347 2474 398 2537 aa.

183 2677 302 2762 5305.
328 2679 411 2756 Quin
438 2682 562 2744 omnino
582 2681 688 2760 quaeri
709 2688 827 2760 potest,
853 2699 892 2742 an
915 2681 1001 2760 lyrici
1025 2682 1075 2744 isti
1097 2683 1189 2744 etiam

98 2788 247 2849 maiorem
260 2785 490 2848 multitudinem
500 2784 616 2866 pedum
629 2804 691 2848 uno
703 2787 1188 2866 numeravemuveoomprchen-

94 2889 210 2952 derint.
245 2889 295 2950 Sic
314 2891 346 2952 in
369 2889 539 2970 fragmento
554 2888 637 2967 lbyci
658 2887 742 2969 apud
757 2885 949 2951 Athenaeum
966 2890 1042 2952 Xlll.
1063 2907 1092 2968 p.
1111 2892 1182 2953 60t.
1259 2921 1265 2932 ·

93 2995 125 3056 B.
147 3010 230 3073 quas
253 2991 332 3055 duas
355 2993 496 3072 strophas
518 2992 653 3074 repperit
669 2991 724 3052 Th.
749 2993 894 3072 terglrius
917 2993 947 3054 in
964 2993 1062 3054 Poetis
1084 2993 1187 3072 lyricis

92 3096 222 3158 Graecis
237 3115 269 3176 p.
286 3097 358 3156 aot.
378 3105 448 3176 post
462 3095 520 3156 tria
536 3094 674 3156 membra
690 3115 730 3158 ex
745 3094 870 3158 duobus
886 3095 1026 3176 dactylis,
1046 3097 1186 3157 trochaeo

93 3210 124 3262 et
137 3198 265 3278 syllaba
280 3199 450 3282 constantia
463 3196 625 3262 duodecim
641 3198 755 3279 dactyli
770 3219 833 3262 uno
849 3218 978 3262 numero
989 3199 1186 3262 cohaerentes

91 3310 287 3384 sequuntur:

227 3392 283 3492 ἦρι
304 3397 365 3484 μίν
387 3401 427 3466 οἵ
446 3423 483 3466 τε
505 3397 678 3468 Κυδώνιαι

226 3500 368 3588 μαλίδες
388 3497 571 3591 ἀρδόμεναι
592 3508 674 3594 ῥοᾶν

227 3605 264 3674 ἐκ
285 3613 459 3692 ποταμῶν,
483 3607 539 3674 λ’να
560 3604 740 3696 παρθένων

183 3715 292 3800 κῆπος
313 3705 488 3801 ἀκήρατος,
510 3711 551 3777 αλ
569 3703 597 3778 τ’
621 3704 814 3790 δίνονθίδες

94 3861 99 3870 ·
184 3809 365 3898 αὐξόμεναι
387 3817 569 3902 σκιεροῖσιν
590 3808 649 3881 ὕπ’
673 3811 798 3903 ἔρνεσιν

184 3915 351 4007 οἰναρέοις
371 3915 594 4002 θαλέθοισιν,
620 3915 697 4004 ἐμοὶ
719 3911 749 3985 δ
773 3914 847 4006 δ’ρος

227 4016 387 4106 οὐδεμίαν
408 4018 609 4102 κατάκοιτος
629 4019 671 4088 δι’·

102 4160 107 4166 -
227 4150 298 4210 ραν,
321 4120 381 4199 ἅδ’
403 4121 471 4192 ὑπὸ
494 4132 662 4211 στεροπᾶς
683 4125 813 4218 φλέγων

102 4265 115 4286 1.
156 4289 160 4304 ,
191 4263 195 4292 ;
230 4226 388 4320 Θρηίκιος
408 4225 539 4316 βορέας,
563 4223 640 4300 δίσ-
