2930 4962
229 349 249 412 6
657 363 896 410 mamm

228 529 361 602 sumpta.
396 518 484 584 Vnde
498 521 524 582 si
540 529 676 582 extrema
691 535 764 598 pars
779 517 935 582 dissimilis
950 528 1007 596 est,
1027 537 1112 580 nunc
1127 518 1235 582 deesse
1252 519 1313 581 ali-

228 623 313 706 quid,
333 641 417 686 nunc
432 641 578 702 superare
594 623 796 686 existimatur.

315 830 339 911 ἦ
357 827 408 894 15.
434 828 514 892 Illud
529 837 662 911 tempus,
677 831 710 890 in
725 848 787 910 quo
802 831 882 892 ictus
896 837 954 906 est,
973 828 1091 904 arsin;
1111 848 1147 890 ea
1163 838 1311 910 tempora,

230 949 310 1015 quae
327 920 432 996 carent
445 934 519 1010 ictu,
538 932 673 994 thesin
689 951 846 1011 vocamus,
866 931 1007 1010 exemplo
1022 933 1058 994 R.
1075 931 1211 1011 Bentleii,
1230 933 1315 1012 quod

230 1039 344 1100 firmari
366 1035 490 1100 videtur
512 1036 689 1098 auctoritate
705 1035 848 1096 Prisciani
870 1053 902 1114 p.
924 1036 1016 1096 ⁴289.
1037 1043 1068 1095 et
1088 1036 1315 1099 uncianum—

229 1140 326 1220 pellac
347 1157 379 1220 p.
398 1140 468 1199 tat.
484 1136 533 1200 ed.
545 1137 685 1200 Meibcm.
718 1136 818 1200 Ceteri
833 1137 951 1202 metrici
967 1156 1038 1200 cum
1054 1139 1180 1200 musicis
1196 1141 1315 1202 voteri—

229 1244 290 1306 bus
311 1244 413 1306 thesin
436 1251 562 1322 vocant,
587 1260 682 1321 quam
697 1260 753 1303 nos
768 1242 866 1318 arsin3
893 1239 991 1319 arsin,
1017 1259 1111 1321 quam
1126 1261 1182 1306 nos
1198 1243 1311 1304 thesin.

229 1348 423 1426 Omninoque
449 1345 508 1407 alio
536 1344 627 1408 modo
651 1345 699 1410 his
726 1343 902 1408 nominibus
929 1353 1074 1424 utuntur,
1109 1346 1197 1408 cuius
1222 1348 1310 1426 ratio,

229 1452 389 1514 coniuncta
406 1449 457 1512 illa
473 1467 545 1512 cum
560 1447 697 1514 doctrina
713 1451 840 1528 musica,
859 1447 1045 1528 perobscura
1061 1456 1116 1510 cst.

315 1656 339 1737 ὅ
356 1653 409 1722 16.
441 1657 541 1722 Potest
561 1658 655 1737 ictuc,
682 1657 736 1736 qui
758 1653 906 1718 indicium
929 1663 977 1717 est
997 1673 1125 1718 caussae
1140 1655 1312 1738 absolutae,

206 1800 208 1805 -
231 1764 323 1823 etiam
338 1759 379 1822 ad
394 1762 506 1822 seriem
521 1761 582 1822 iam
597 1760 770 1822 inchoatam
786 1757 942 1837 accedam,
961 1766 997 1822 ut

317 1865 395 1910 ece
919 1911 922 1918 ,

230 1968 320 2043 Quod
340 1986 438 2047 quum
462 1967 509 2046 fit,
535 1975 657 2047 tempus
673 1964 766 2044 illud,
791 1967 824 2025 in
839 1983 901 2046 quc
916 1973 964 2026 est
978 1967 1067 2046 ictus,
1086 1967 1160 2046 quia
1175 1966 1318 2028 cohaeret

231 2092 302 2134 cum
317 2088 496 2153 praegresso
511 2079 658 2150 tempore,
673 2078 781 2132 natum
797 2089 836 2130 ex
852 2068 902 2132 illc
918 2069 1059 2149 habetur,
1079 2078 1172 2149 atque
1187 2078 1317 2132 catenus

232 2175 412 2252 derelicta,
437 2181 469 2234 ct
488 2173 636 2235 theticum
658 2181 782 2252 tempus
804 2182 867 2249 est;
895 2170 950 2234 sed
973 2171 1056 2234 idem
1079 2181 1202 2253 tempus
1224 2193 1317 2236 acce-

231 2279 324 2341 dente
339 2279 370 2340 vi
385 2276 541 2356 absoluta,
567 2277 657 2338 cuius
672 2275 821 2340 indicium
836 2277 914 2338 ictus
929 2283 991 2353 est,
1010 2275 1102 2336 simul
1118 2278 1195 2338 arsis
1211 2277 1259 2355 lit,
1286 2287 1318 2340 ct

232 2401 339 2444 caussa
364 2389 457 2460 atque
479 2381 599 2442 initium
622 2381 818 2460 sequentium
842 2389 1032 2458 temporum:
1061 2397 1099 2440 eo
1119 2378 1224 2459 modo,
1255 2399 1318 2460 quo

229 2504 329 2567 quum
352 2501 484 2563 corpus,
503 2482 588 2563 quod
602 2484 634 2544 in
649 2492 735 2545 motu
750 2492 811 2562 est,
837 2501 917 2544 nova
932 2483 963 2543 vi
978 2481 1117 2563 pellitur,
1142 2502 1177 2543 ea
1192 2484 1240 2546 vis
1255 2502 1318 2547 non

231 2589 337 2669 incipit
352 2597 479 2666 motum,
499 2585 556 2648 scd
571 2596 713 2666 coeptum
729 2594 829 2666 auget.
859 2584 938 2648 Illud
952 2595 1059 2649 autem
1074 2595 1208 2668 tempus
1227 2587 1317 2650 illave

231 2703 386 2772 tempora,
417 2710 497 2771 quae
519 2689 710 2770 praecedunt
730 2691 828 2770 arsin,
858 2699 987 2771 apparet
1002 2683 1116 2772 partes
1138 2689 1210 2752 csse'
1228 2693 1318 2752 seriei

231 2796 271 2858 ab
287 2795 372 2856 initio
394 2795 541 2856 infinitae.
573 2796 617 2856 Ea
634 2803 769 2876 tempora
791 2794 1006 2855 anacrusin
1030 2812 1187 2856 vocamus.
1220 2795 1317 2856 Simi-

231 2901 301 2960 liter
322 2899 354 2960 in
377 2897 482 2977 figuris
508 2895 641 2958 describi
667 2905 812 2977 possunt,
842 2914 975 2976 querum
999 2899 1206 2960 extremitates
1232 2899 1317 2960 nulla

230 3004 293 3065 sint
307 3002 386 3064 linea
402 3000 600 3062 terminatae:
627 3018 707 3079 quae
729 2999 859 3080 proinde
874 3001 1011 3063 infinitae
1026 3010 1109 3063 sunt.
1142 3002 1198 3064 list
1213 3011 1317 3064 autern

231 3106 388 3166 anacrusis
414 3113 524 3166 natura
551 3121 608 3184 sua
633 3104 744 3184 thesis,
775 3105 794 3166 i.
821 3124 848 3166 e.
873 3114 996 3185 tempus
1022 3123 1083 3168 non
1110 3125 1150 3168 cx
1176 3103 1317 3168 absoluta

231 3225 349 3288 caussa,
365 3206 421 3270 sed
436 3225 475 3268 ex
490 3207 557 3268 aliis
572 3209 759 3288 praegressis
775 3209 967 3290 temporibus
978 3217 1095 3271 natum.
1123 3208 1317 3272 Sumendnm

231 3320 279 3374 est
299 3313 399 3390 enim,
427 3328 605 3390 praegressa
626 3329 693 3374 esse
714 3313 774 3374 alia
797 3321 950 3392 tempora,
975 3314 1064 3394 quia,
1090 3312 1174 3392 quod
1194 3333 1255 3375 non
1278 3333 1318 3375 ex

231 3414 371 3476 absoluta
388 3431 496 3476 caussa
513 3415 664 3495 nascitur,
683 3416 715 3475 in
731 3415 885 3479 infinitum
901 3435 939 3480 ex
954 3416 1021 3478 aliis
1037 3416 1183 3498 deinceps
1199 3419 1317 3480 caussis

231 3526 337 3578 natum
363 3535 431 3578 esse
457 3536 583 3579 necesse
606 3526 662 3580 est.
704 3519 848 3581 Ceterum
877 3529 1015 3600 tempora
1042 3538 1139 3598 quum
1166 3539 1206 3581 ex
1232 3529 1317 3582 tem-

229 3619 356 3702 poribus
377 3622 462 3682 nasci
477 3620 622 3700 dicimus,
647 3621 808 3684 brevitatis
830 3641 938 3686 caussa
954 3624 996 3684 ita
1011 3623 1182 3701 loquimur,
1209 3632 1316 3684 trans-

230 3725 289 3786 lala
305 3724 400 3786 verbo
414 3744 430 3786 a
448 3726 565 3788 caussis
580 3735 674 3805 atque
690 3725 849 3788 effectibus
864 3725 906 3788 ad
921 3735 1075 3806 tempora,
1101 3744 1181 3804 quac
1204 3727 1314 3789 horam

230 3829 378 3908 imagines
394 3839 476 3891 suut.
