2896 4960
283 367 324 430 92
678 391 733 432 nro.
754 391 786 433 u.
814 391 875 434 cir.
894 391 964 434 xxrr.

280 550 370 621 ptura
386 551 442 604 est.
477 543 631 624 Plerisque
652 547 683 606 in
706 545 780 606 locis
795 561 857 607 non
872 544 997 607 videtur
1012 545 1147 606 dubitari
1164 563 1270 625 posse,
1288 546 1352 624 quin

279 645 449 724 elegantius
479 665 536 727 pro
568 647 681 726 dactyli
718 648 868 710 solutione
898 648 1086 710 habeantur:
1127 657 1163 711 ut
1191 650 1224 709 in
1255 646 1350 727 hgam.

282 746 374 809 llll,
398 751 489 811 ttae.

364 865 740 956 χθονοτρεφὲς-ἐδανὸν
761 863 782 956 ἢ
805 863 918 933 mocr'v.

366 965 552 1060 περίφρονα
576 965 606 1036 d'
608 1011 618 1021 ·
629 967 761 1052 ἔλακες,
783 967 894 1060 ὥςπερ
911 961 978 1038 οὖν.

364 1179 479 1262 §272
507 1183 650 1263 Quinque
658 1181 791 1262 denique
799 1183 912 1246 breves
920 1185 1056 1266 syllabas
1064 1186 1174 1246 Cretici
1182 1184 1356 1246 solutionem

278 1303 356 1364 esse,
376 1287 434 1347 iam
452 1305 545 1367 supra
562 1286 760 1349 observatum
776 1285 794 1370 ξ
811 1287 882 1348 259.

364 1490 479 1573 5273.
506 1494 553 1553 Ex
574 1494 688 1556 Latinis
710 1495 806 1574 poetis
833 1495 918 1556 solus
939 1495 1080 1574 Plautus,
1111 1495 1167 1557 sed
1193 1497 1220 1557 is
1243 1512 1355 1575 quoqne

276 1615 362 1674 raro,
388 1596 575 1659 dochmiacis
596 1596 739 1659 versibus
769 1617 845 1661 usus
867 1597 999 1660 videtur.
1041 1600 1084 1660 lta
1105 1601 1137 1660 in
1160 1599 1356 1660 Menaechmis

276 1701 311 1761 V.
333 1703 361 1776 tl,
375 1702 404 1760 9.

362 1819 501 1899 verbero,
521 1820 682 1901 compedds,

361 1924 467 2002 tholad,
486 1926 600 2005 rodono
617 1921 771 2002 ldssitcidd,
789 1925 896 2008 fome's.

358 2127 474 2210 5274.
502 2130 565 2192 Sed
592 2132 676 2212 apud
698 2133 782 2194 hunc
804 2134 896 2207 etiarn
920 2134 1078 2196 Bacchiaci
1102 2153 1213 2196 versus
1243 2135 1355 2197 dimetri

273 2233 439 2295 catalectici
461 2235 670 2315 inveniuntur,
690 2237 743 2316 qui
760 2236 844 2316 quo'd
861 2255 1006 2298 mensura
1027 2237 1135 2300 eadem
1151 2256 1213 2317 que
1230 2239 1355 2300 dochmii
1415 2267 1416 2296 l

274 2347 357 2416 sunt,
376 2337 548 2400 cavendnm
566 2358 604 2400 ne
619 2357 690 2401 curn
707 2341 754 2400 his
769 2339 1008 2401 confundantur.
1035 2342 1102 2402 Non
1113 2343 1200 2402 enim
1215 2339 1355 2402 videntur

273 2439 440 2503 dochmiaci
456 2462 534 2504 esse.
569 2443 612 2506 De
628 2443 675 2506 his
691 2443 770 2504 inira
786 2442 905 2504 dicetur
919 2441 937 2525 ᾗ
955 2443 1026 2504 982.

686 2778 799 2848 cAP.
813 2778 947 2848 XXII.

523 2929 582 2998 De
609 2929 813 3000 versibus
841 2928 1116 3016 Bacchiacis.

356 3094 469 3178 5275.
496 3101 590 3159 llaec
599 3099 618 3160 h
627 3099 751 3159 iacum
768 3117 932 3160 numerum
945 3108 1065 3162 veteres
1078 3101 1194 3160 metrici
1208 3101 1249 3161 ad
1263 3117 1348 3180 genus

272 3203 454 3280 paeonicum
471 3200 620 3280 retulere,
647 3211 682 3262 ut
703 3201 832 3264 secundi
854 3204 995 3282 quantive
1014 3204 1139 3283 paeonis
1155 3207 1349 3266 contractione

272 3314 389 3367 natum.
416 3307 476 3368 Nos
497 3325 569 3368 eum
592 3309 718 3384 propte'r
739 3305 902 3367 iambicam
925 3307 1088 3368 anacrusin
1110 3306 1272 3368 trochaicis
1295 3290 1349 3366 nu-

273 3410 363 3470 meris
379 3408 596 3488 adiunximuS‚
624 3409 694 3472 licet
716 3429 750 3470 re
765 3429 839 3470 vera
862 3409 1048 3489 spondiacus
1071 3410 1111 3470 sit
1126 3428 1197 3470 curn
1217 3405 1349 3472 anacrusi

271 3511 411 3572 iambica.
435 3514 629 3574 Meritoenim
638 3512 823 3592 displicebat
833 3511 1346 3593 antiquisnumerusamphibraehi,

270 3615 296 3674 si
312 3615 483 3695 iteraretur,
503 3625 628 3696 propter
643 3617 768 3677 nimiam
785 3615 985 3677 debilitatem.
1007 3619 1109 3689 Quare
1124 3624 1161 3678 ut
1175 3635 1246 3678 eum
1263 3615 1349 3677 roho-

271 3728 390 3796 rarent,
415 3720 592 3780 trochaeum
616 3721 647 3779 in
663 3719 838 3800 spondeum
855 3729 1024 3782 mutarunt.
1058 3719 1124 3779 Non
1140 3720 1237 3782 multo
1253 3718 1350 3780 melior

269 3829 317 3882 est
331 3840 481 3884 numerus
496 3823 785 3902 palimbacchiaous,
805 3842 821 3883 a
838 3841 900 3903 quo
911 3823 1026 3903 pariter
1040 3821 1268 3902 abstinuerunt,
1286 3823 1349 3882 licet
1412 3865 1413 3880 i

269 3925 352 3985 hunc
365 3933 400 3999 ut
410 3925 530 3988 virilem
545 3934 577 3987 et
587 3944 710 4006 gravem
727 3924 1006 4005 laudetDionysius
1019 3926 1084 3988 Hal.
1100 3925 1139 3987 de
1152 3945 1250 4008 comp.
1266 3923 1345 3986 verh.

268 4047 298 4108 p.
315 4030 387 4089 att.
408 4026 458 4089 ed.
479 4028 598 4090 Schael.
618 4029 675 4089 hoc
690 4029 832 4110 exemplo
848 4042 940 4091 usus:

357 4141 424 4221 σοι’,
445 4148 552 4230 Φοῖβε
567 4140 711 4211 Μοῦσαί
724 4168 770 4226 τε,
788 4152 976 4230 confinium.

271 4269 347 4332 uae
362 4269 380 4354 o
398 4272 468 4334 roc.
