2930 4962
419 377 455 416 ne
471 375 636 421 nnocuucc
653 375 854 418 nuncianum.
1142 357 1179 415 41

88 533 119 590 in
135 549 201 610 quc
217 530 355 608 neglecta
371 537 418 590 cst
432 548 569 592 caesura.
604 531 680 590 Nam
697 529 745 590 hic
760 547 885 608 quoquc
900 547 1009 589 versus
1024 546 1183 590 caesuram

87 633 187 694 habat
204 634 236 694 iu
253 634 314 693 fine
326 631 415 712 pedis
426 635 537 713 quarti.
564 634 681 694 Scenici
698 632 1000 714 poctacGraeccrum
1012 651 1073 692 non
1087 651 1184 694 usur-

87 746 168 818 pant
183 737 245 797 hoe
261 745 404 797 metrum.

178 961 203 1040 ᾗ
221 957 297 1023 128.
324 960 500 1021 latinorum
524 968 556 1022 et
577 961 682 1038 tragici
698 958 843 1022 videntur
858 960 914 1021 hoc
930 978 1023 1020 versu
1038 961 1087 1020 usi
1102 977 1180 1038 csse,

86 1075 120 1126 et
135 1065 248 1124 comici
262 1062 310 1124 usi
320 1072 396 1124 suut
407 1063 549 1124 multum.
574 1064 689 1124 Vocant
699 1083 771 1124 euni
786 1063 1040 1124 octonarium.
1067 1061 1184 1123 Pedum

85 1167 219 1228 casdem
232 1166 347 1226 locutas
359 1165 418 1226 sibi
430 1163 601 1246 indulgent,
618 1185 697 1246 quas
712 1167 743 1226 in
756 1168 940 1246 septenario.
966 1166 1089 1227 Plautus
1101 1166 1184 1226 hunc

86 1289 218 1351 quoque
233 1277 447 1347 asynartetum
463 1269 542 1332 lecit.
577 1271 728 1350 Exemplo
743 1271 805 1331 sint
819 1269 851 1330 hi
865 1271 896 1331 in
912 1268 981 1332 Aul.
1002 1270 1049 1330 lll.
1072 1273 1100 1348 l,
1116 1269 1143 1329 l.

177 1393 277 1472 eptete'
291 1391 381 1464 cives,
396 1391 573 1470 populares,
593 1391 717 1469 incolae,
738 1390 867 1470 eceolce,
887 1391 1023 1454 ddoeooe
1040 1409 1148 1468 omnes,

177 1493 250 1556 ddle
265 1494 365 1571 oium,
384 1512 446 1574 quo
460 1490 564 1574 [dyere
582 1494 689 1566 liceat,·
706 1493 798 1574 sdeite
814 1501 890 1554 lotoe
903 1495 1023 1575 plcitece
1042 1501 1181 1576 potentat.

97 1617 178 1676 Elin
194 1611 339 1676 Bacchid.
360 1613 407 1673 lV.
429 1616 459 1691 3,
473 1613 501 1673 l.

176 1735 331 1814 petolans,
349 1737 499 1814 protervo,
519 1733 792 1795 nocetne-aeine
809 1735 958 1813 indomito,
979 1737 1148 1818 lucdyiteto,

180 1835 245 1899 siae
260 1837 347 1898 modo
363 1836 641 1913 armeniacum,
660 1839 726 1898 sine
742 1837 815 1897 bono
831 1840 897 1898 iure
913 1842 1002 1918 dtqoe
1018 1839 1137 1918 honore,

156 2012 161 2022 Ι
182 1939 378 2013 incredibilis,
397 1941 550 2020 imposque
566 1941 670 2018 enimi,
690 1941 885 2002 -e'acmebilis
902 1941 1040 2022 illepidus
1057 1943 1136 2004 vivo.

102 2059 297 2122 Tribrachuiu
313 2063 345 2121 in
362 2061 469 2123 ultimo
484 2057 564 2140 pede
579 2059 640 2120 sihi
656 2079 717 2120 non
733 2059 913 2122 indulsisset
928 2063 1063 2124 Graecus
1080 2071 1179 2143 poeta,

485 2287 792 2296 ...-—--———.

550 2445 663 2514 cAP.
683 2446 734 2514 X.

320 2601 378 2668 De
406 2598 639 2668 trochaico
666 2608 957 2690 pentametro

178 2765 297 2851 §129
324 2770 576 2829 Pentauietro
592 2767 847 2846 catalectico,
867 2787 960 2847 quem
978 2760 1184 2850 ὑπέρμετρον

97 2873 383 2953 vocatHephacstic,
395 2873 467 2951 quia
480 2872 601 2952 triginta
614 2878 751 2951 tempora
764 2869 895 2950 excedit,
908 2891 988 2951 quae
1004 2873 1111 2934 excedi
1123 2894 1185 2935 uon

94 2978 208 3039 debere
225 2974 418 3036 contendunt
433 2976 560 3054 metrici,
581 2975 787 3038 Callimachus
803 2993 880 3036 usus
895 2984 959 3036 est:

179 3091 310 3180 ἔρχεται
324 3087 431 3168 πολὺς
444 3087 505 3174 μὲν
515 3087 666 3178 Αἰγαῖον
677 3087 862 3182 διατμήξας
875 3087 935 3158 ἀπ’
949 3089 1082 3183 οἱνηρῆς
1094 3090 1183 3161 Χίου

181 3190 373 3286 ἅμφορεύς,
398 3193 505 3272 πολὺς
526 3191 564 3260 δὲ
578 3191 731 3285 Λεσβίης
752 3187 863 3260 deveo
884 3193 1000 3284 νέκταρ
1017 3194 1186 3286 ¹oiododnc

721 3291 740 3318 Μ
767 3313 769 3318 ,

716 3323 814 3386 aymo.

179 3523 296 3608 §13st
323 3526 478 3587 Bentleius
501 3535 597 3603 errat,
625 3537 756 3587 metrum
780 3527 837 3588 hoc
859 3530 951 3588 etiam
968 3529 1108 3589 Terentio
1125 3532 1185 3591 tri-

97 3631 195 3691 buens
219 3633 250 3691 in
273 3630 392 3691 Phonu.
413 3631 434 3690 l.
457 3632 485 3707 l,
507 3629 556 3688 47.
583 3630 631 3688 lll.
653 3631 682 3708 2,
705 3631 731 3690 l,
766 3630 848 3690 Nulli
871 3650 906 3690 co
929 3651 1031 3711 neque
1048 3633 1184 3700 Gracco-

32 3770 35 3778 ·
99 3751 165 3793 cum
180 3753 283 3813 nequa
299 3735 506 3794 Romanorum
527 3732 639 3793 scenici
662 3741 769 3810 poetae
791 3735 841 3794 usi
857 3743 939 3796 sunt.
974 3737 1009 3796 V.
1029 3737 1126 3798 Elem.
1147 3736 1178 3797 d.

99 3855 137 3896 iu.
157 3856 187 3916 p.
204 3841 255 3897 93.
1175 3838 1177 3842 ’

487 4063 796 4073 -ι--ο--ᾳω--ὴ
