2922 4948
508 379 545 420 nn
562 378 694 422 otnrrors
711 379 838 422 sonvrrs.
1153 361 1215 422 257

215 527 330 612 5705.
364 532 586 594 Vsitatissimae
607 541 681 594 sunt
699 531 960 612 interpellationes
978 533 1010 592 in
1026 532 1216 594 carminibus

112 637 440 716 paromoeostrophis,
466 654 598 716 quorum
619 644 727 697 natura
744 634 970 714 quodammodo
986 638 1016 698 in
1033 637 1216 716 interpella-

112 741 210 804 tione
225 741 322 818 posita
339 749 396 801 est.
431 741 475 800 De
490 758 551 821 qua
568 759 601 800 re
616 738 706 800 intra,

518 945 827 958 —u———n—-u—-o

539 1125 650 1196 cAP.
667 1127 794 1197 XXV.

430 1277 489 1348 De
516 1279 707 1350 canticis
734 1280 905 1352 solutis.

213 1444 335 1543 5706.
373 1449 496 1512 Cantica
524 1467 575 1529 ea,
606 1469 686 1530 quae
712 1469 773 1512 non
800 1459 873 1513 sunt
895 1449 1127 1531 antistrophioa,
1157 1451 1213 1514 sed

115 1553 222 1616 libera
239 1563 405 1615 metrorum
422 1555 638 1632 compositione
653 1553 742 1632 lacta,
762 1544 1052 1634 ἀπολελυμένα
1068 1557 1213 1642 ametri-

8 1733 9 1738 1
115 1658 168 1718 cis
192 1667 355 1719 vocantur:
382 1656 421 1718 de
444 1657 559 1738 quihus
583 1679 612 1719 v.
633 1657 796 1739 Hephaest.
819 1678 850 1739 p.
872 1663 922 1720 66.
944 1663 982 1720 69
1004 1657 1086 1740 (tlt.
1112 1659 1208 1741 126).

117 1763 240 1822 llorum
263 1762 321 1822 alia
345 1760 453 1824 dicunt
475 1748 682 1848 despopo,
709 1779 789 1840 quae
812 1771 874 1823 tam
896 1781 992 1842 parva
1014 1765 1091 1842 sint,
1117 1772 1213 1825 utne

115 1866 275 1944 integram
312 1862 438 1944 quidem
475 1866 632 1944 stropham
666 1867 870 1944 constituant;
911 1867 969 1928 alio
1008 1857 1212 1945 ἀνομοιό-

117 1987 308 2052 στροφα,
334 1985 415 2048 quae
430 1987 469 2030 ex
484 1967 689 2031 dissimilibus
705 1968 838 2049 strophis
854 1967 947 2048 iacta,
966 1988 1050 2030 nuno
1064 1989 1213 2051 personae

117 2073 304 2150 mutatione,
331 2089 415 2133 nuno
431 2071 608 2153 ephymnio,
634 2092 718 2134 nuno
734 2071 842 2153 epodo,
867 2090 951 2133 nunc
966 2072 1024 2133 alio
1040 2073 1212 2152 epiphone-

118 2183 207 2236 mate
230 2174 498 2238 disterminantur:
524 2185 555 2238 et
577 2175 702 2256 quidem
726 2178 751 2236 si
773 2195 813 2238 ex
835 2174 958 2238 duabus
980 2176 1113 2256 strophis
1134 2195 1213 2237 oon-

119 2279 223 2358 stant,
253 2269 544 2365 ἓτερόστροφα
571 2277 692 2356 dicunt;
726 2279 752 2341 si
778 2278 1002 2360 expluribus,
1036 2269 1212 2340 ἀλλοιό-

119 2399 307 2468 conopon·
333 2382 389 2442 alia
414 2379 549 2462 denique
576 2369 754 2467 dcppco,
782 2400 862 2462 quae
889 2383 1007 2462 possint
1029 2381 1154 2462 quidem
1180 2384 1211 2442 in

119 2483 267 2565 strophas
298 2484 461 2565 distingui,
494 2482 551 2546 sed
580 2485 612 2545 in
642 2485 758 2565 quibus
788 2486 909 2547 nullum
940 2485 1085 2546 indicium
1116 2484 1207 2564 adsit,

120 2587 269 2650 distincta
285 2589 325 2650 ita
342 2606 410 2650 esse
426 2606 443 2649 a
458 2589 566 2670 poetis,

211 2794 236 2876 ἦ
250 2791 328 2858 707.
355 2795 418 2856 Hae
432 2795 613 2878 partitiones
623 2813 720 2876 quum
736 2814 800 2856 rem
817 2814 878 2857 non
890 2796 1082 2874 exhauriant,
1099 2815 1154 2856 nos
1169 2796 1210 2856 ita

8 2949 9 2958 ,
120 2901 205 2962 hanc
220 2917 343 2960 omnem
357 2898 533 2960 varietatem
550 2897 591 2974 ad
605 2917 715 2978 genera
729 2897 881 2979 quaedam
893 2915 1082 2961 revocamus
1109 2897 1210 2978 Atque

120 2993 424 3080 ἀπολελυμένα
439 3009 493 3062 aut
505 3020 543 3060 ex
556 3001 627 3064 solis
644 3003 749 3064 metris
761 3002 948 3081 quibusdam
965 3011 1114 3079 constant,
1131 3020 1210 3082 quae

9 3145 11 3156 ι
120 3113 198 3168 sunt
214 3093 423 3190 dorpopa,
440 3113 493 3166 aut
508 3124 545 3165 ex
562 3106 705 3186 strophiS,
724 3126 805 3186 quae
820 3115 895 3168 sunt
909 3098 1128 3189 στροφικά.

210 3308 332 3393 5708.
369 3311 417 3372 Ex
440 3311 488 3374 his
510 3299 699 3398 dorpopa
722 3312 968 3398 complectuntur
992 3303 1210 3396 ἐπιφωνή-

119 3436 248 3500 pora,
272 3408 471 3502 ἐφύμνια,
495 3421 525 3474 et
548 3405 912 3499 ἑπιφθεγματικά,
936 3433 1016 3494 quae
1032 3414 1132 3474 omnia
1148 3431 1210 3472 non

121 3521 184 3584 nisi
200 3517 390 3600 longitudine
407 3516 552 3580 videntur
566 3515 698 3578 differre.
889 3521 892 3528 ⁴

123 3788 133 3804 ,
211 3720 335 3806 9709.
375 3713 1209 3809 Ἔπιφωνήματαείνθἇναφωνήματανο-

123 3840 237 3894 cantur
250 3827 503 3908 exclamationes,
528 3847 607 3910 quae
622 3836 708 3919 entra¹
723 3827 864 3906 strophas
880 3827 929 3890 vel
945 3847 1055 3890 versus
1071 3838 1156 3906 sunt,
1176 3836 1210 3888 ut

124 3932 202 4021 φεῦ,
220 3923 271 4014 ἰώ,
290 3921 379 4011 αἰαῖ,
398 3938 429 3991 et
443 3931 501 3992 alia
517 3931 659 4010 plurima.

210 4139 236 4221 ἦ
250 4135 328 4204 710.
358 4137 457 4202 Certis
472 4137 631 4200 vocabulis
647 4113 788 4200 constant
802 4131 1001 4224 ἐφύμνια,
1021 4149 1056 4201 ιιι

209 4251 287 4345 Ἰήῖε
309 4249 436 4332 Παιάν,
628 4245 630 4248 ’

176 4377 295 4421 liemonni
305 4375 407 4427 lipitorne
416 4373 487 4414 doctr.
497 4373 610 4414 metricae.
971 4379 1002 4430 17
