2896 4960
284 389 344 451 112
674 407 731 452 tn.
751 407 783 450 n.
810 405 873 452 aaa.
891 405 979 452 uui.

283 563 349 622 Non
365 569 439 622 sunt
453 561 503 623 isti
518 578 628 624 versus
643 563 719 624 Livii
735 559 912 642 Andronici,
937 560 993 623 sed
1008 560 1154 624 videntur
1169 561 1270 624 Laevii
1284 579 1351 638 esse,

283 683 338 743 pro
369 682 431 744 quo
457 665 577 727 Livium
605 666 796 727 nominatum
823 666 1027 726 Terentianus
1056 667 1228 727 invenerat.
1268 665 1355 726 Vani-

282 768 369 847 pavit
383 767 440 829 hoe
460 777 592 830 metrum
608 769 762 832 Lucienus
782 769 815 830 in
830 767 1103 848 Tragodopodagra
1124 789 1155 831 v.
1177 770 1251 830 ata.
1269 766 1356 848 lepide

284 871 420 932 imitatus
442 872 597 934 incessum
613 871 745 934 hominis
763 872 925 952 repentino
946 871 1050 934 dolore
1073 891 1112 932 ex
1127 869 1265 952 podagra
1279 871 1356 932 clau-

192 1031 197 1042 ,
284 973 430 1036 dieantis:

286 1319 436 1398 Exemplo
451 1319 513 1380 sint
528 1319 559 1380 hi
573 1335 701 1381 versus:

369 1427 448 1500 eb'sa
469 1433 730 1521 Διὸςβρονταῖς
749 1433 949 1518 Σαλμωνέος
969 1427 1065 1524 ἤρισε
1084 1432 1156 1520 βία,

286 1549 306 1578 ·“·
370 1532 429 1603 οὐκ
452 1533 567 1621 ἐρίσας
588 1534 687 1625 ἐχάρη
711 1535 830 1626 Φοίβῳ
853 1536 995 1626 σάτυρος
1015 1535 1194 1625 Μαρσύας.

321 1641 323 1648 ’
368 1631 531 1729 lintona}
554 1636 716 1729 πάνδημα,
741 1641 858 1732 φέροις
879 1635 1020 1731 δ’λγημα,
1045 1639 1221 1728 Ποδάγρα,

368 1749 507 1834 κοῦφον,
533 1739 690 1833 ἐλαφρόν,
713 1737 847 1830 δίδριμσ,
869 1743 1107 1833 βραχοβλαβές,
1131 1741 1305 1812 εὕῶδανον.

283 1869 408 1930 Conexi
423 1868 567 1930 ultimum
582 1885 719 1948 versum,
738 1870 770 1930 in
786 1887 848 1950 quo
864 1858 1031 1932 ἀνώδυνον
1046 1869 1217 1950 legebatur.

549 2395 551 2400 ’
679 2376 789 2447 cAP.
806 2375 972 2446 xxm

299 2597 301 2604 ,
412 2525 416 2534 ’
517 2543 576 2618 De
603 2555 883 2640 pentametro
910 2545 1126 2638 elegiaco.

369 2731 485 2813 §334
519 2734 813 2796 Pentametrum
829 2731 1053 2812 elegiacum
1069 2733 1196 2796 luelunt
1211 2735 1265 2816 qui
1280 2747 1353 2793 eom-

284 2839 418 2916 positum
432 2843 579 2916 putarent
593 2855 633 2898 ex
648 2836 771 2900 duobus
787 2835 926 2917 dactylis,
941 2834 1088 2915 spondeo,
1103 2845 1134 2899 et
1148 2835 1275 2900 duobus
1288 2849 1352 2897 ana-

283 2940 408 3020 paestis.
440 2941 474 3002 V.
494 2939 671 3013 Quintilian.
691 2941 742 3001 lX.
764 2943 796 3018 l,
823 2941 874 3000 98.
908 2939 1079 3001 Terentian.
1099 2941 1194 3002 Maur.
1221 2961 1251 3024 p.
1271 2935 1347 3000 titt.

285 3042 384 3104 Schol.
404 3042 568 3123 Hephaest.
587 3061 618 3122 p.
640 3043 678 3103 at
701 3040 798 3124 (⁴68).
828 3041 961 3102 (laesura
978 3059 1058 3120 quae
1073 3044 1261 3107 inviolabilis
1275 3037 1346 3104 estin

284 3146 372 3208 tertia
395 3146 471 3225 arsi,
497 3142 642 3208 dubitare
663 3163 725 3206 non
748 3145 835 3219 sinit,
862 3145 937 3225 quin
957 3146 1048 3206 unice
1070 3165 1143 3208 vera
1164 3150 1206 3210 sit
1228 3143 1348 3214 sanatio,

283 3267 363 3330 quae
386 3249 601 3330 Hephaestioni
622 3247 751 3328 probata
773 3247 848 3328 fuit,
875 3248 936 3312 duo
958 3250 1192 3335 πενθημιμσρῆ
1218 3245 1350 3326 dactylica

283 3355 316 3412 in
332 3353 389 3414 hoe
404 3369 498 3416 versu
513 3353 675 3416 coniuncta
691 3352 839 3415 censenti.
865 3350 928 3414 Sed
942 3369 1003 3414 non
1019 3361 1067 3413 est
1080 3352 1129 3414 hie
1143 3371 1254 3420 versus
1268 3363 1351 3428 asyn-

283 3464 416 3535 artetus,
442 3466 477 3519 ut
491 3457 592 3537 placet
607 3455 837 3536 Hephaestioni,
862 3456 889 3518 si
911 3457 1037 3537 quidem
1053 3461 1097 3522 sie
1112 3480 1148 3522 ea
1164 3454 1350 3541 appellatione

284 3559 433 3622 utendum
450 3569 506 3638 est,
533 3568 676 3640 utsupra
691 3557 710 3642 δ
729 3559 777 3622 li.
797 3557 1012 3624 iudicavimus.
1046 3563 1121 3624 Nam
1137 3565 1227 3626 tertia
1241 3553 1349 3623 arsisin

286 3681 346 3742 qua
369 3681 495 3753 caesura
511 3673 574 3742 est,
601 3681 703 3744 neque
718 3662 836 3744 hiatum
851 3662 1001 3746 admittit,
1027 3667 1085 3728 nisi
1101 3667 1155 3748 qui
1169 3667 1202 3729 in
1218 3657 1349 3741 dactylica

283 3767 368 3846 poesi
384 3766 568 3828 Graeeorum
590 3785 653 3829 non
667 3765 800 3829 habetur
813 3784 869 3848 pro
884 3767 987 3848 biatu,
1013 3787 1114 3850 neque
1137 3769 1286 3851 syllabam
1298 3777 1349 3822 ὅθ’

284 3870 424 3950 oipitem,
450 3868 527 3932 adeo
542 3878 578 3931 ut
596 3887 721 3949 perraro
736 3868 841 3931 brevis
855 3867 973 3950 syllaba
993 3890 1139 3934 caesurae
1153 3883 1246 3954 atque
1261 3874 1348 3930 arsets

285 3974 316 4033 vi
337 3993 374 4034 ee
396 3972 460 4034 loeo
482 3971 678 4053 producatur.
716 3969 792 4035 Vide
814 3971 888 4036 dias.
908 3973 947 4035 de
969 3984 1067 4038 aetate
1088 3975 1184 4057 Orpb.
1203 3967 1347 4056 Argenti

283 4076 455 4138 lacobsium
482 4077 513 4136 in
539 4073 624 4154 betis
649 4076 821 4140 Monacens.
845 4076 905 4138 vol.
927 4078 955 4138 l.
981 4077 1064 4140 Faae.
1088 4078 1123 4142 ll.
1146 4088 1179 4142 et
1205 4081 1251 4141 ΙΙΙ.
1274 4080 1302 4136 et
1322 4065 1346 4124 1¹1

283 4179 411 4259 praelat.
431 4179 471 4240 ad
485 4176 608 4242 Anthel.
624 4176 839 4260 addendisque
852 4179 893 4243 ad
907 4199 992 4258 aam3
1011 4200 1047 4242 ao
1061 4181 1308 4246 Friedemannum
1321 4168 1345 4227 '11¹

284 4280 358 4344 diss.
379 4282 418 4343 de
434 4281 534 4343 media
549 4280 669 4361 syllaba
684 4283 866 4364 pentametri
882 4283 1067 4346 Graecorum
1081 4285 1213 4366 elegiaci.
