2896 4960
340 401 342 408 ’
439 435 476 477 oa
492 434 624 478 vansrovs
640 435 818 478 otoonrcts.
1135 417 1175 478 97

89 587 268 667 teotoloni,
289 589 349 649 nisi
365 589 396 648 in
412 589 606 668 systematis,
635 587 689 650 ubi
706 590 903 650 continuatur
926 606 1089 666 numerUS,
1116 587 1178 649 da-

86 693 174 773 ctylo,
194 711 258 754 non
270 690 408 773 spondeo
424 692 584 771 liniuntur,
600 711 640 753 ne
651 693 818 754 catalectici
835 693 866 752 in
878 689 1067 768 disyllabum
1083 691 1178 753 videri

85 797 215 874 possint.

171 1036 195 1118 ἐ
210 1031 289 1102 289.
315 1037 358 1098 De
369 1039 485 1116 ingenti
498 1035 696 1098 multitudine
708 1053 857 1099 versuum
869 1035 1088 1116 dactylicorum
1104 1039 1177 1098 usi-

85 1141 228 1202 tatissimi
240 1141 272 1201 hi
284 1149 367 1202 sunt.
394 1141 569 1202 Dimetcr
583 1139 840 1204 catalecticus
856 1141 894 1201 in
910 1137 1172 1220 disyllabum,

85 1247 135 1324 qui
152 1241 338 1306 Adonius
352 1252 489 1305 vocatur.
523 1241 633 1305 Aesch.
653 1239 709 1323 Ag.
732 1245 804 1306 tto.

170 1352 278 1437 ccictl'
300 1353 486 1449 ὁμόφωνον.

88 1487 151 1558 Quo
167 1487 199 1545 in
216 1501 311 1545 versu
325 1503 387 1544 non
408 1485 485 1546 solet
501 1483 642 1565 dactylus
662 1487 696 1546 in
710 1483 883 1567 spondeum
899 1486 1022 1547 mutari.
1056 1487 1176 1564 Integra

92 1589 139 1649 hoo
154 1597 255 1650 metro
271 1588 404 1665 carmina
423 1587 547 1669 Sappho
562 1589 722 1668 scripsisse
738 1587 865 1668 dicitur,
891 1597 927 1650 ut
947 1586 1041 1650 relert
1057 1589 1177 1650 Teren-

95 1692 188 1754 tianus
204 1691 330 1752 Maurus
345 1709 376 1771 p.
392 1693 486 1752 atat.

172 1919 251 1988 290.
278 1923 1176 2004 Dimetcracataleotuslereinsystematisconiun-

100 2037 161 2090 ctus
173 2047 240 2090 curn
257 2027 445 2090 tetrametris
460 2028 626 2090 invenitur.

173 2257 289 2342 9291.
317 2260 509 2322 Trimetro
538 2261 775 2322 catalectico
797 2263 835 2321 in
859 2261 1060 2341 syllabam
1083 2280 1175 2340 saepe

95 2363 137 2424 usi
149 2373 268 2445 poetae.
302 2361 516 2428 Archilochus:

171 2477 206 2548 ἐν
230 2477 270 2546 (li
291 2477 533 2570 Βατουσιᾶὅης.

91 2603 193 2666 Aesch.
215 2603 324 2686 Suppl.
347 2605 419 2668 85l.

114 2699 115 2702 Ἴ
171 2695 354 2806 bipalme
377 2717 485 2810 πόρον

171 2821 345 2913 δεσποσίῳ
370 2821 427 2905 ξὺν
449 2821 554 2913 ὕβρει.

172 3057 286 3143 §292
313 3061 492 3123 Trimetri
508 3064 730 3124 catalectici
746 3065 782 3123 in
799 3063 1045 3146 disyllabum
1062 3087 1173 3130 exarn-

90 3161 138 3242 pla
154 3174 276 3226 exstant
291 3163 376 3246 apud
392 3165 485 3243 Soph.
505 3165 611 3226 Trach.
634 3169 705 3227 lli.

173 3278 285 3348 πολλὰ
307 3279 367 3370 γὰρ
383 3275 457 3360 olet’
474 3275 672 3366 ἀκάμαντος.

172 3376 194 3472 ἢ
212 3380 325 3452 Νότου
348 3377 370 3474 ἢ
391 3381 503 3472 Βορέα
523 3407 575 3462 τις

172 3481 266 3577 εὐρέϊ
277 3485 409 3572 κύματα
424 3483 550 3575 πόντῳ.

91 3611 147 3681 Qui
168 3631 278 3674 versus
299 3610 355 3674 ubi
377 3614 409 3672 in
430 3613 530 3692 primo
558 3609 638 3692 pedo
663 3612 835 3692 spondeum
862 3614 972 3696 hahet,
999 3619 1170 3682 cavendum

92 3730 128 3772 ne
142 3713 349 3778 confundatur
363 3732 433 3777 cum
448 3733 542 3777 versu
556 3715 768 3796 Pherecrateo,
793 3727 827 3778 ut
842 3719 874 3778 in
889 3717 996 3782 Aesch.
1017 3720 1073 3802 Ag.
1098 3725 1167 3784 108.

173 3827 259 3922 ἀλκᾷ
275 3828 448 3921 σύμφυτος
463 3827 556 3897 αἰών.

94 3951 124 4014 ln
138 3956 271 4020 secundo
287 3955 368 4038 pede
383 3957 437 4020 vix
451 3956 626 4022 invenietur
640 3955 806 4038 spondeus.

176 4186 287 4270 3293.
307 4190 501 4251 Trimeter
515 4189 762 4252 acatalectus
777 4190 876 4253 sicubi
887 4193 919 4251 in
931 4192 1106 4271 systematis
1117 4193 1171 4251 in-

98 4292 222 4368 venitur,
237 4311 351 4374 pravae
366 4293 469 4373 potius
481 4311 629 4355 versuum
645 4291 853 4355 distributioni
866 4293 970 4355 deberi
983 4293 1116 4374 videtur,
1137 4305 1171 4356 ut

145 4407 260 4450 llerrusnni
271 4409 371 4461 llpltome
380 4409 450 4450 doctr.
462 4409 572 4450 metricae.
1001 4414 1014 4461 7
