2896 4960
484 355 522 398 ns
537 355 648 399 romeis
664 357 682 398 a
697 356 814 400 ninom.
1137 341 1194 402 147

105 505 171 568 Sed
185 513 221 568 ut
236 509 268 568 in
283 507 392 568 Ionicis
415 526 432 567 a
456 509 562 570 maiori
584 506 647 573 duo
669 509 803 570 trochaei
818 507 858 574 ad
872 508 1057 574 variandum
1078 528 1196 574 nume-

104 629 178 671 rum
194 608 396 690 adhibentur,
424 611 465 672 ita
480 612 512 672 in
528 611 636 673 Ionicis
651 631 668 673 a
684 613 794 673 minori
809 611 871 674 dno
886 611 998 694 iambi,
1019 614 1075 675 hoc
1090 597 1191 696 modo,

103 723 142 776 ut
169 713 247 774 arsis
273 713 357 775 nuda
383 715 414 776 in
440 713 579 776 iambum
605 724 757 796 mutetur,
787 726 818 777 et
844 714 956 779 deinde
979 718 1033 797 qui
1055 719 1197 803 sequitur

103 825 310 898 anapaestus,
337 819 403 897 ipse
425 837 549 899 quoque
571 818 693 882 iambus
715 821 782 899 fiat,
809 837 870 910 quo
892 829 1027 906 tempora
1050 829 1196 884 maneant

102 917 231 982 eadem:

192 1053 440 1142 2202:prss

192 1155 441 1246 wLOLpoAL

101 1283 186 1346 ilaec
209 1282 285 1344 ratio
306 1292 435 1346 vocatur
457 1273 654 1364 ἀνάκλασις,
680 1304 854 1368 versusque
874 1289 934 1370 ipsi
955 1279 1192 1371 ἀνακλώμενον,

102 1387 178 1466 quia
194 1405 257 1448 non
271 1387 304 1447 in
318 1405 382 1448 uno
402 1387 483 1468 pede
498 1389 598 1451 lonico
619 1391 747 1454 mutatio
767 1395 891 1456 numan·
913 1392 964 1474 fit,
990 1391 1047 1456 sed
1061 1395 1093 1456 in
1107 1393 1192 1458 duo-

101 1489 176 1569 hus,
195 1489 323 1554 alterius
338 1490 409 1570 fine,
435 1492 561 1556 alterius
576 1494 663 1566 initio
678 1505 805 1558 mumto.
837 1497 951 1568 histrici
966 1499 1048 1560 enim
1063 1498 1108 1560 sic
1124 1507 1193 1560 sta-

101 1602 206 1673 tuunt,
222 1603 413 1674 postremum
429 1604 553 1677 tempus
567 1598 640 1678 pedi
655 1598 817 1680 demptum
833 1599 923 1665 adiici
938 1602 1038 1680 primo
1052 1619 1193 1682 sequan-

101 1697 142 1760 tis
157 1695 248 1777 pedis
263 1701 412 1781 tempori:

193 1849 289 1884 υυ..
297 1827 394 1883 iau-'-

190 1953 288 1990 ΚΑΙ-υ
297 1955 390 1988 ..kl-..-

188 2197 212 2282 5
227 2195 305 2265 429.
331 2199 431 2280 Lyrici
442 2199 608 2264 Accienses
624 2204 758 2266 maxima
773 2221 813 2264 ex
828 2203 915 2283 puris
930 2201 1064 2284 pedibus
1080 2203 1189 2266 Ionicis

100 2303 212 2366 iecisse
232 2305 288 2368 hos
310 2323 421 2368 versus
443 2303 605 2384 videntur3
632 2306 725 2367 ionici
746 2315 850 2368 autem
869 2307 959 2388 lyrici
981 2315 1012 2370 et
1032 2307 1189 2370 anaclasin

100 2427 282 2490 usurpasse,
308 2410 385 2471 etin
401 2428 436 2471 ea
451 2409 583 2492 primam
599 2410 683 2472 arsin
699 2409 845 2490 solvisso;
872 2411 1006 2474 mediam
1022 2409 1189 2490 quamdam

101 2513 251 2575 rationem
266 2514 403 2576 tenuisse
418 2513 541 2593 scenici,
562 2523 597 2578 ut
612 2514 717 2594 tragici
733 2515 830 2596 magis
844 2513 1011 2588 Accienses
1027 2524 1189 2576 sectaren-

101 2626 169 2696 tur,
196 2625 361 2697 anapaesto
383 2635 475 2698 saepe
497 2617 545 2680 his
560 2617 697 2680 numeris
720 2615 873 2698 admixto,
899 2619 1006 2681 comici
1021 2618 1118 2698 magis
1133 2636 1189 2680 se-

100 2727 273 2799 querentur
287 2721 414 2782 Ionicos.

187 2977 304 3063 3430.
338 2981 473 3044 Dimetro
495 2979 672 3045 catalectico
686 2982 864 3044 Timocreon
886 2983 1040 3064 integrum
1063 3000 1187 3046 carmen

101 3083 277 3148 condidisse
292 3084 421 3148 dicitur:

185 3199 327 3279 Σικελὸς
347 3199 483 3291 κομψὸς
505 3195 585 3291 ἀνὴρ

187 3303 270 3378 ποτὶ
291 3303 352 3375 τὰν
371 3299 485 3394 ματέρ’
510 3301 587 3397 ἔφα.

97 3431 199 3494 Etiam
226 3430 367 3512 Sappho,
397 3429 546 3508 Alcaeus,
576 3438 608 3491 et
628 3428 759 3493 Alcman
783 3432 898 3511 integra
924 3431 1026 3492 Ionica
1051 3431 1187 3494 carmina

98 3535 249 3597 iecerunt.
276 3531 422 3597 Moman:
497 3599 499 3604 ,

181 3648 318 3718 Ἑκατὸν
338 3648 399 3733 μὲν
420 3645 507 3726 Διὸς
527 3645 601 3715 υἱὸν

185 3751 268 3821 τάδε
289 3757 419 3820 Μοῖσαι
440 3748 680 3841 κροκόπεπλον.

98 3882 137 3943 Ει
152 3879 295 3962 Sappho:

184 3992 220 4063 τί
239 4019 283 4081 με
306 3992 491 4072 Πανδιονὶς
512 3983 539 4059 ὦ
558 3985 678 4084 ”ραννα
699 3992 849 4079 χελιδών.

99 4124 197 4196 Quem
213 4139 340 4183 versum
357 4120 569 4182 catalecticum
584 4120 657 4182 iecit
669 4119 847 4182 Anacreon:

184 4233 352 4306 Διονύσου
376 4231 500 4304 odaiae
521 4231 741 4325 Βασσαρίδες.

924 4356 980 4438 ihi*
