2930 4962
536 355 571 396 nn
588 349 742 398 rnosonm.
1146 333 1184 396 st
1240 371 1247 390 .

101 507 165 566 Non
182 507 288 567 minus
303 508 395 567 etiam
411 516 459 568 est
473 507 528 568 ubi
540 507 637 569 hiatui
652 507 830 569 excusando
841 507 957 568 serviat
968 507 1183 587 interpunctio.

100 607 178 670 Vide'
191 608 239 692 ξς.
261 611 311 670 82.
333 612 383 670 85.
405 613 454 671 86.
489 613 534 672 De
555 627 617 690 quo
632 613 685 692 qui
701 609 887 691 disputavit,
907 609 976 671 Gar.
996 611 1138 690 Lingius,
1158 611 1190 670 in

99 713 207 776 libello
230 730 324 790 supra
339 712 359 796 ᾗ
374 715 425 774 80.
445 725 699 795 commemorato,
725 713 852 776 modum
874 713 905 773 in
922 713 979 774 hac
995 733 1028 774 re
1043 715 1185 793 excessit,

100 837 201 898 quum
224 838 285 879 non
309 815 400 878 modo
419 818 451 877 in
467 837 612 898 caesura,
639 817 696 880 scd
715 819 782 878 aliis
797 819 887 878 etiam
905 817 936 876 in
953 816 1026 877 locis
1041 835 1190 879 versuum

100 923 274 985 admissum
289 939 357 982 esse
373 921 491 986 hiatum
506 921 673 984 contendit.
706 920 823 1001 indiget
844 921 921 982 haec
935 937 985 980 res
1000 919 1102 984 adbuc
1116 919 1192 982 diii-

99 1027 238 1106 gentiore
252 1007 520 1106 pervestigatione.
554 1023 636 1087 illud
651 1033 769 1086 certum
785 1023 927 1102 videtur,
951 1023 1140 1100 ubicumque
1160 1026 1191 1086 in

100 1128 260 1192 recitando
276 1130 368 1190 etiam
391 1137 478 1189 extra
495 1139 628 1190 metrum
643 1147 740 1209 pausa
757 1129 821 1190 lieri
844 1128 937 1206 solet,
965 1126 1036 1188 terri
1058 1127 1188 1188 hiatum.
1296 1181 1299 1199 ,

100 1234 151 1295 Sic
166 1234 201 1293 in
217 1230 357 1293 Asinaria
373 1233 421 1294 lV.
442 1234 464 1312 1,
485 1235 535 1294 59.

189 1355 335 1415 ancillam
351 1352 436 1433 serre
456 1355 636 1416 Veneri—out
653 1353 805 1433 Oupldioi.

104 1478 301 1554 Omninoque
322 1475 372 1534 illa
389 1492 481 1535 scena
497 1475 587 1555 plena
605 1483 652 1534 est
667 1473 817 1552 exemplis
833 1474 989 1552 hiatuum,
1014 1476 1086 1552 qnia
1113 1475 1192 1535 lente

108 1581 311 1658 distincteque
335 1579 481 1639 recitatur
502 1578 731 1658 syngraphum,
758 1575 840 1656 quod
865 1576 954 1637 condi
969 1579 1101 1638 iusserat
1117 1579 1193 1640 Dia-

107 1685 205 1746 notus.
247 1680 364 1742 Eadem
387 1682 464 1742 ratio
485 1690 534 1741 est
562 1682 594 1741 in
616 1680 901 1742 enumerationibus
923 1680 1059 1760 plurium
1087 1701 1193 1744 rerum

105 1788 263 1848 similium.
290 1788 329 1848 Vt
344 1787 374 1845 in
387 1781 457 1846 tut.
477 1785 525 1845 111.
546 1786 575 1864 5,
589 1787 639 1846 at.
659 1787 737 1846 Men.
757 1785 804 1844 111.
825 1785 855 1862 2,
870 1785 918 1844 tt.
939 1785 1028 1845 Mero.
1048 1787 1096 1846 lV.
1118 1789 1147 1865 l,
1160 1789 1188 1848 5.

105 1896 140 1956 V.
160 1896 190 1973 Ξ,
212 1894 261 1953 tt.
850 1949 852 1954 ,

195 2021 252 2076 stol
265 2010 352 2094 stillo,
367 2010 506 2092 pltrppio,
525 2007 687 2090 -oorifeae,
709 2010 858 2073 landrice.

195 2116 318 2198 prendi,
333 2115 450 2196 potavi,
467 2115 598 2175 scortum
615 2113 753 2188 urseceni,
774 2113 918 2175 -ilbsluli

193 2221 307 2290 videre,
327 2217 476 2300 amplecti,
495 2217 663 2296 -dsculori,
682 2217 829 2298 -dlloqni

192 2327 306 2406 epomel
321 2321 396 2382 milti
410 2322 516 2398 comes,
536 2321 666 2399 calator,
684 2321 787 2401 epatris,
808 2339 911 2399 epoto,
931 2323 1096 2401 -drmiqerz

107 2447 143 2506 Et
157 2448 191 2506 in
210 2441 356 2504 versibus
371 2442 497 2504 Creticis
513 2442 599 2501 Most.
619 2441 641 2502 l.
662 2443 692 2520 2,
705 2441 756 2500 73.

192 2568 263 2626 drte
276 2563 477 2643 ppmndstica,
496 2560 587 2637 illaec,
607 2559 732 2639 -irostis,
749 2561 823 2639 pilo,

193 2667 299 2742 crirsu,
317 2664 447 2743 -orou's²
467 2682 550 2744 equo.

108 2789 249 2852 Dubitari
264 2793 366 2866 potest
380 2784 420 2846 de
435 2784 486 2845 illo
501 2783 609 2846 Pseud.
629 2783 651 2844 1.
674 2787 701 2864 l,
717 2785 765 2844 tr.

193 2908 308 2970 iuvdbo
325 2913 379 2970 out
393 2927 437 2984 re,
458 2913 534 2966 -oul
549 2907 649 2986 dperu,
671 2907 858 2968 ottocento
874 2907 956 2970 borco.

107 3050 204 3110 quum
223 3026 366 3090 facillima
379 3026 563 3088 correctione
578 3027 674 3088 scribi
689 3028 800 3107 possit:
819 3027 928 3089 irrvnbo
942 3035 967 3088 te
983 3036 1036 3088 out
1047 3049 1091 3090 re.
1117 3032 1196 3092 Tum

107 3137 200 3196 etiam
216 3135 250 3193 in
266 3130 445 3210 repetitione
467 3129 612 3190 similium
630 3130 795 3191 verborum
811 3131 911 3193 hiatus
935 3131 1089 3195 interdum
1105 3135 1195 3196 etiam

107 3237 305 3298 necessarius
321 3242 383 3313 est,
402 3234 482 3294 utin
498 3235 619 3294 Mercat.
640 3233 661 3294 1.
682 3235 712 3312 2,
726 3237 776 3293 68.

197 3357 233 3418 Λ.
254 3358 395 3437 eloquar,
423 3351 659 3435 qrtonddquidem
681 3372 728 3413 me
749 3371 829 3415 oros.
851 3353 918 3416 ttius
936 3363 1026 3436 poter
1043 3357 1105 3416 CH.
1125 3359 1199 3439 quid

785 3461 867 3518 meus
879 3461 992 3538 poter?

182 3577 236 3650 ,Α.
256 3578 506 3641 illum-omioem
532 3577 594 3638 GH.
621 3576 801 3659 quidcem?
830 3575 866 3640 A.
891 3578 978 3640 vidit.
1013 3581 1073 3642 GH.
1101 3582 1198 3644 cidit?

713 3698 770 3741 voe
784 3682 892 3742 misero
907 3682 990 3744 miti.

113 3789 153 3849 Et
166 3790 199 3848 in
214 3785 323 3848 eadem
338 3783 443 3846 fabula
459 3784 493 3844 ll.
516 3787 543 3864 l,
557 3784 606 3846 l0.

203 3908 264 3968 GH.
285 3905 357 3987 qrtld
371 3905 404 3966 id
419 3912 478 3981 est,
504 3904 582 3986 quod
602 3905 680 3964 sois?
711 3905 769 3965 eV.
797 3904 865 3968 tous
883 3914 971 3988 poter
993 3907 1050 3969 volt
1073 3909 1199 3970 rolodere

716 4009 779 4068 CH.
798 4027 911 4070 omnem
926 4013 990 4070 rem
1006 4018 1095 4071 tenes.

200 4113 263 4192 Ἐν.
289 4127 536 4191 triam-amicam
563 4127 625 4188 GH.
650 4128 775 4190 nimium
798 4130 924 4191 meltum
947 4130 1016 4190 sols.
1053 4131 1115 4189 EV.
1141 4131 1201 4190 tois

824 4234 975 4312 ioprritiis.
