2930 4962
447 376 483 418 ΙΙΙ
498 377 574 434 anst,
593 377 687 436 ratast,
706 378 741 420 ET
757 377 907 421 lnacnvst.
1201 363 1220 420 5

218 527 244 608 ξ
260 524 312 592 13.
346 527 436 602 Quod
458 529 484 590 si
499 529 531 589 in
546 529 684 592 numeris
706 530 863 594 invenitur
876 531 980 610 aliqua
996 550 1105 594 caussa
1121 531 1218 592 abso-

130 633 212 711 luta,
232 649 300 692 eam
316 631 409 710 talem
425 649 493 692 esse
508 650 635 694 necesse
651 642 713 710 est,
735 652 816 714 quae
832 631 1044 696 tantummodo
1060 643 1218 714 tamquam

130 754 261 814 caussa,
287 753 348 795 non
364 735 455 796 etiarn
472 743 631 814 tamquam
647 736 774 799 effectus
790 747 946 818 appareat.
979 735 1072 816 Atqui
1096 755 1215 818 caussa,

131 858 212 919 quae
227 836 442 900 tantummodo
455 855 563 900 caussa
578 848 635 918 cst,
650 839 726 900 nihil
741 850 788 902 εει
803 841 861 902 nisi
876 841 923 902 vis
939 839 1057 922 aliquid
1069 839 1214 903 ciliciens.

130 944 238 1022 ltaque
254 959 364 1003 caussa
375 941 518 1004 absoluta
534 943 564 1002 in
580 943 717 1004 numeris
729 945 760 1004 vi
775 942 909 1025 quadam
925 942 1127 1023 exprimenda
1140 963 1218 1007 con-

130 1045 266 1106 tineatur
280 1063 406 1106 necesse
423 1053 485 1124 est,
511 1063 590 1124 quae
610 1046 720 1107 seriem
737 1046 871 1127 aliquam
892 1055 1064 1127 temporum
1081 1049 1214 1129 incipiat.

129 1147 165 1210 ld
189 1156 311 1227 autam,
337 1167 399 1229 quo
418 1149 601 1229 exprimitur
622 1167 658 1210 aa
675 1151 738 1230 vis,
763 1169 825 1212 non
846 1159 948 1232 potest
967 1169 1028 1211 non
1050 1151 1082 1212 in
1097 1151 1219 1212 tortiora

129 1253 285 1314 notatione
301 1252 431 1315 alicuius
447 1253 540 1314 unius
551 1243 702 1333 'temporis
716 1254 851 1333 positum
867 1272 952 1316 esse:
980 1252 1072 1334 idque
1095 1256 1218 1316 ictum

129 1373 290 1418 vocamus.
317 1356 373 1417 Est
387 1373 458 1436 ergo
474 1357 574 1418 ictus
588 1357 636 1417 vis
653 1357 748 1418 maior
762 1359 794 1420 in
806 1356 941 1419 notando
952 1357 1056 1438 aliquo
1067 1367 1214 1438 tempore,

129 1477 273 1520 caussam
298 1459 387 1520 seriei
409 1467 581 1539 temporum
603 1459 776 1523 absolutam
800 1459 950 1523 indicans.
984 1462 1017 1522 ln
1040 1463 1217 1540 symmetria

132 1572 233 1624 autem
250 1563 277 1623 si
292 1581 353 1642 qua
369 1581 442 1642 pars
458 1561 599 1626 absoluta
614 1564 787 1640 invenitur,
811 1583 879 1626 eam
902 1564 994 1626 talem
1009 1583 1078 1626 esse
1093 1584 1217 1627 necesse

131 1676 189 1746 ast,
217 1676 255 1729 ut
275 1684 344 1728 eam
366 1664 443 1728 illud
465 1683 548 1745 esse,
578 1668 667 1730 cuius
690 1677 790 1730 cetera
812 1677 916 1749 partes
939 1669 1015 1747 sint,
1042 1687 1103 1729 non
1126 1671 1218 1730 etiam

130 1773 233 1852 ipsum
256 1787 325 1831 esse
347 1769 483 1850 aliquam
505 1788 598 1832 unam
621 1789 658 1832 ex
681 1771 835 1851 partibus,
862 1782 1018 1852 appareat.
1056 1771 1150 1852 Atqui
1172 1772 1214 1852 id,

130 1875 219 1936 ouius
234 1873 293 1934 alia
309 1882 412 1953 partes
428 1883 511 1951 sunt,
530 1874 633 1936 unitas
648 1882 705 1953 εει,
725 1873 874 1953 adquam
889 1875 940 1936 illa
956 1876 1055 1938 omnia
1072 1877 1217 1940 relerun-

132 1987 192 2040 tur.
224 1978 332 2057 Itaque
354 1994 427 2055 pars
447 1977 586 2040 absoluta
607 1978 638 2037 in
658 1979 836 2059 symmetria
857 1977 974 2040 unitata
990 1979 1092 2060 aliqua
1108 1983 1217 2061 expri-

136 2078 244 2142 menda
264 2079 453 2159 continetur,
483 2079 640 2160 adquam
668 2100 773 2142 omnes
800 2083 969 2163 spatiorum
996 2080 1217 2164 descriptiones

134 2183 243 2245 relatae
269 2191 367 2246 totum
395 2184 471 2264 quid
498 2182 641 2245 alliciant.
678 2184 713 2246 ld
739 2195 860 2263 autem,
891 2202 953 2265 quo
976 2187 1159 2266 exprimitur
1180 2208 1216 2250 ea

131 2289 242 2369 unitas,
259 2305 322 2348 non
337 2295 438 2365 potest
452 2305 513 2348 non
528 2288 560 2348 in
576 2297 690 2367 puncto
705 2307 773 2350 esse
788 2309 824 2350 eo
840 2289 984 2368 positum,
1004 2288 1088 2369 quod
1103 2293 1217 2371 pariter
1298 2351 1300 2358 .

127 2392 182 2454 toti
203 2391 374 2472 spatiorum
394 2389 592 2472 descriptioni
615 2411 776 2453 commune
797 2400 860 2452 est:
886 2391 980 2472 idque
1002 2402 1154 2474 punctum
1170 2405 1217 2457 εει

126 2493 283 2573 medium,
311 2493 395 2574 quod
410 2505 585 2558 centrum
602 2503 737 2558 vocatur.
771 2496 826 2556 Est
840 2513 912 2575 ergo
932 2505 1105 2559 centrum
1128 2517 1216 2578 pun-

125 2610 213 2662 ctum
229 2600 359 2662 unicum
381 2600 413 2660 in
428 2599 530 2678 aliqua
546 2598 749 2680 descriptione
769 2599 953 2679 spatiorum,
980 2600 1072 2662 totius
1094 2601 1216 2664 descri-

125 2705 242 2784 ptionis
257 2703 408 2764 unitatem
424 2702 592 2764 continens.

214 2909 240 2990 ξ
257 2906 309 2973 14.
337 2911 453 2973 Caussa
466 2908 606 2971 absoluta
623 2911 743 2972 initium
759 2918 807 2971 cst
821 2911 959 2972 numeri:
979 2929 1050 2990 pars
1062 2911 1212 2990 absoluta,

127 3013 267 3078 medium
284 3013 400 3093 figurae
421 3015 645 3092 symmetricac.
679 3016 783 3077 Finem
799 3016 918 3074 numeri
936 3033 1022 3093 vero,
1049 3017 1216 3077 terminos-

127 3138 190 3200 que
205 3119 324 3198 figurae
334 3136 397 3178 non
413 3117 484 3179 licet
499 3117 675 3179 notionibus
690 3138 730 3180 cx
744 3119 808 3196 ipsa
826 3119 946 3178 numeri
958 3120 1217 3200 symmetriaeque

127 3233 240 3285 natura
255 3222 361 3303 petitis
376 3220 521 3299 definire,
547 3221 619 3300 qnia
641 3222 700 3282 hoc
720 3229 818 3284 totum
839 3222 1046 3301 experientiae
1064 3230 1121 3283 est.
1156 3221 1217 3284 Sed

127 3335 160 3388 et
173 3343 376 3388 numerorum
396 3334 427 3386 et
448 3325 616 3405 figurarum
638 3327 904 3403 symmetrioarum
920 3324 982 3387 duo
1003 3343 1114 3405 genera
1129 3335 1213 3404 sunt,

128 3449 228 3492 unum
245 3429 377 3510 simplex
393 3429 474 3491 utin
490 3429 627 3490 numeris
642 3428 684 3507 hi,
1043 3435 1045 3442 ’

135 3610 138 3614 .
215 3534 278 3611 ω)
349 3533 436 3611 &W’
505 3533 618 3612 W,

129 3638 161 3697 in
177 3637 285 3716 liguris
301 3637 516 3716 symmetricis,
532 3636 676 3715 circulus,
695 3636 842 3717 pyramis,
861 3634 1064 3716 quadratum;
1084 3636 1215 3698 alterum

130 3740 333 3820 compositum
356 3760 395 3801 ex
417 3738 554 3802 ciusdem
576 3741 697 3800 numeri
718 3740 768 3801 vel
791 3721 906 3820 figurae
926 3741 1101 3818 iteratione,
1128 3749 1163 3802 ut
1183 3742 1214 3802 in

130 3843 268 3904 numeris
285 3844 326 3922 hi,
669 3827 671 3832 ’

216 3944 313 3992 Lm
327 3943 330 4028 ⁴
345 3949 442 3992 Lis-v
455 3943 459 4028 Ι
474 3945 571 3992 Lus-v
585 3945 588 4029 l
602 3945 700 3992 Lam

132 4049 163 4107 in
178 4050 284 4129 liguris
299 4048 507 4130 pyramidum,
528 4051 751 4131 columnarum,
776 4052 920 4113 arborum
936 4053 1026 4113 certis
1042 4052 1217 4133 proportio-

134 4150 224 4214 nibus
239 4151 456 4233 dispositarum
474 4153 710 4217 vicissitudines
745 4157 777 4215 ln
801 4155 848 4216 his
868 4151 1010 4217 omnibus
1026 4155 1129 4234 regula
1145 4173 1217 4214 cer-

76 4279 77 4282 *
131 4254 213 4317 nitur
234 4258 377 4338 empirica
403 4259 450 4320 vel
473 4259 599 4321 arbitrio
620 4259 799 4337 constituta,
830 4277 892 4320 una
917 4269 1003 4338 parte
1025 4277 1082 4340 pro
1105 4277 1217 4320 norma
