2930 4962
194 297 246 338 Vlll
649 298 817 340 annuento,

195 467 269 514 vere
284 447 479 512 intellexisse
493 446 677 526 videantur,
702 446 797 514 facile
811 447 949 533 reperiat
963 448 997 514 id
1012 468 1049 514 eo
1064 449 1182 516 factum
1197 469 1280 532 esse,

196 554 296 637 quod,
319 573 413 638 quum
435 573 559 618 omnem
574 553 671 619 vitam
689 555 723 620 in
738 555 932 638 singulorum
947 555 1085 622 locorum
1100 559 1284 625 verborum-

196 682 257 746 que
272 661 481 746 explicatione
497 663 763 746 consumpserint,
785 682 849 727 non
869 663 1027 746 potuerint
1046 683 1085 728 ec
1104 667 1282 748 pervenire,

196 775 242 847 ut,
257 769 340 834 unde
351 768 456 833 omnia
472 768 622 852 pendent,
637 774 784 846 mentem,
798 767 975 849 consilium,
988 768 1151 853 ingenim
1162 792 1282 852 corum,

197 896 327 961 quorurn
356 875 481 959 scriptis
508 881 671 960 tantopere
696 873 900 955 insudarunt,
929 877 1153 961 perspicerent.
1192 879 1286 957 Quod
1348 927 1358 942 .
1458 858 1459 871 ἵ

198 985 225 1049 si
240 1001 386 1049 numeros
407 973 603 1066 spectamus,
626 1002 707 1066 qnae
727 1001 777 1046 res
797 987 863 1048 tota
882 984 926 1049 ad
946 985 1068 1052 animos
1083 1005 1286 1054 commoven-

199 1092 257 1157 dos
277 1091 405 1156 inventa
420 1097 484 1168 est,
508 1090 577 1173 quis
598 1110 661 1155 non
676 1089 779 1167 videt,
802 1110 874 1155 curn
894 1091 1020 1157 demum
1041 1093 1161 1176 aliquid
1178 1095 1211 1160 in
1225 1096 1287 1162 hoc

199 1219 314 1283 genere
339 1199 506 1282 prolicere,
534 1197 588 1280 qui
609 1198 727 1281 scripta
747 1202 910 1281 poetarum
930 1199 984 1264 ita·
1001 1201 1103 1284 legat,
1132 1209 1184 1284 ut,
1211 1203 1287 1270 dum

200 1307 353 1372 dictorum
373 1305 406 1370 vi
426 1305 616 1372 commoveri
638 1311 714 1372 sest
727 1305 819 1382 velit,
848 1307 987 1372 numeris
1012 1307 1108 1373 adid
1133 1316 1168 1375 ut
1193 1310 1287 1376 adiu-

200 1421 322 1490 mento,
346 1412 399 1495 qni
414 1412 487 1478 finis
502 1417 533 1478 et
548 1431 629 1494 quae
643 1412 743 1478 virtus
759 1418 807 1478 est
820 1433 1036 1492 numerorum,
1059 1419 1180 1483 utatur:
1204 1418 1288 1502 quod
1332 1441 1334 1446 ·

201 1527 309 1587 contra
323 1521 368 1598 is,
391 1519 444 1602 qui
460 1519 557 1584 multo
577 1519 685 1598 labore
705 1521 846 1604 singulas
863 1521 1003 1606 syllabas
1018 1523 1195 1607 ponderat,
1213 1525 1289 1608 qnia

201 1627 393 1706 nonhabet,
408 1626 492 1692 unde
507 1625 582 1710 quid
598 1633 706 1711 aptum
721 1627 797 1711 quid
812 1628 953 1712 ineptum
968 1629 1020 1707 sit,
1045 1629 1207 1710 diiudicet,
1225 1653 1289 1698 non

202 1734 316 1821 poterit
331 1754 410 1812 non,
433 1741 467 1798 ut
481 1733 527 1798 ait
541 1734 724 1814 Terentius,
747 1734 851 1801 facere
870 1735 1075 1819 intelligendo
1094 1743 1129 1802 ut
1144 1735 1223 1801 nihil
1237 1736 1288 1801 in·
1325 1787 1327 1792 .

202 1843 336 1926 telligat.
372 1841 437 1907 Sed
463 1841 610 1924 quoniam
635 1841 669 1906 in
689 1841 749 1908 hoc
768 1861 884 1924 genere
904 1845 1010 1910 omnia
1029 1843 1072 1908 ad
1092 1863 1220 1910 sensum
1239 1864 1290 1909 re-

203 1951 317 2030 deunt,
339 1950 392 2034 qui
412 1969 475 2015 non
495 1949 689 2031 argumentis
710 1949 780 2032 cogi
800 1957 919 2034 potest,
944 1952 1000 2017 sed
1016 1970 1075 2016 usu
1090 1957 1183 2034 atque
1198 1970 1291 2016 exer-

203 2059 352 2124 citatione
368 2056 490 2122 ·erudiri
516 2057 626 2135 debet,
655 2062 821 2141 propterea
846 2059 1058 2124 necessarium
1084 2065 1147 2136 est,
1176 2063 1211 2123 ut
1234 2058 1289 2122 diu

204 2167 396 2254 multumque
411 2186 474 2231 uno
488 2164 522 2229 in
537 2163 705 2248 scriptore,
728 2175 830 2230 unove
843 2165 878 2229 in
892 2183 1008 2247 genere
1023 2165 1172 2230 carminis
1187 2183 1289 2232 more-

204 2294 289 2351 mur,
317 2291 418 2355 neqne
439 2271 588 2338 confundi
609 2291 666 2338 nos
688 2277 719 2337 ct
740 2272 915 2354 perturbari
942 2270 1156 2338 admiscendis
1178 2271 1290 2338 alienis

203 2381 371 2466 patiamur.
403 2378 563 2462 Quidquid
578 2378 662 2444 enim
677 2377 894 2445 adsuescendo
909 2379 1138 2446 addiscendum
1152 2386 1212 2458 est,
1229 2378 1290 2444 ali-

204 2488 355 2573 quamdiu
375 2487 443 2553 sine
463 2486 698 2570 intercapedine
718 2485 846 2550 tractari
867 2485 977 2565 debet,
1005 2508 1083 2571 quc,
1113 2488 1139 2553 si
1166 2487 1291 2570 singula

204 2597 330 2682 penitus
357 2614 427 2660 sese
451 2593 542 2660 nobis
569 2592 775 2671 insinuarint,
808 2592 923 2660 deinde
951 2594 1151 2662 diversitates
1181 2581 1291 2679 sponte

205 2703 504 2770 animadvertamus.

292 2811 438 2876 Ceterum
453 2827 549 2890 saepe
568 2807 601 2872 in
621 2805 680 2871 hoc
695 2826 810 2888 genere
831 2808 931 2874 multa
946 2829 1024 2894 opus
1039 2815 1133 2876 estet
1148 2808 1291 2891 diligenti

206 2917 407 3002 cogitatione,
430 2914 496 2991 ubi,
519 2933 574 2978 cur
588 2913 664 2996 quid
679 2919 710 2978 et
725 2913 851 2997 quando
866 2915 935 2981 lieri
949 2923 1004 2983 aut
1018 2937 1081 2983 non
1096 2916 1164 2983 lieri
1178 2916 1290 2995 soleat,

126 3016 130 3022 ’
205 3026 286 3093 ratio
312 3020 475 3090 reddenda
500 3025 558 3086 est.
594 3020 749 3106 Exemplo
774 3028 845 3088 utar
869 3025 1044 3102 luculento,
1073 3023 1195 3105 dequo
1218 3023 1291 3087 olirn
1328 3108 1333 3116 Ι

207 3134 339 3199 multum
360 3136 392 3196 et
413 3127 573 3204 acerbius,
601 3149 695 3212 qnam
718 3130 866 3211 decebat,
895 3131 1088 3215 disputatum
1114 3135 1173 3194 est.
1210 3131 1293 3195 Nam

207 3261 302 3326 quurn
332 3242 416 3304 esset
445 3234 637 3320 quaesitum,
669 3258 711 3302 an
740 3243 823 3303 recte
853 3239 886 3303 in
915 3238 1047 3303 trimetri
1076 3236 1187 3302 cornici
1213 3236 1294 3320 pede

207 3353 335 3432 quarto,
358 3345 385 3410 si
405 3344 434 3410 is
454 3349 646 3427 anapaestus
666 3351 767 3422 esset,
790 3344 836 3409 ita
856 3350 963 3428 posset
976 3342 1091 3422 incidi,
1116 3348 1151 3409 ut
1165 3345 1294 3410 verbum

207 3457 241 3520 in
261 3454 364 3539 priore
384 3451 526 3518 brevium
547 3451 739 3534 syllabarum
760 3450 916 3528 finiretur,
945 3449 1001 3514 alii
1020 3449 1054 3515 id
1074 3450 1211 3528 licitum,
1238 3451 1294 3516 alii

108 3625 110 3630 .
208 3583 272 3628 non
291 3561 428 3638 licitum,
453 3559 508 3624 alii
529 3558 621 3624 certis
641 3557 873 3624 conditionibus
893 3557 1012 3623 licitum
1026 3556 1215 3622 iudicarunt.
1246 3557 1295 3622 Ex

209 3669 322 3754 quibus
343 3667 397 3751 qui
423 3665 464 3732 de
483 3666 544 3730 hac
569 3685 603 3730 re
629 3665 819 3750 disputavit,
848 3665 920 3731 Oar.
939 3663 1097 3746 Reisigius
1123 3664 1156 3728 in
1176 3665 1295 3730 Diariis

208 3774 394 3841 ienensibus
415 3795 456 3838 m.
475 3772 642 3838 Decembri
661 3789 696 3838 a:
714 3775 808 3836 1817.
833 3771 888 3836 iol.
908 3773 980 3836 223.
1002 3776 1033 3835 et
1054 3772 1127 3834 224.
1154 3771 1295 3854 proxime

209 3903 318 3949 verum
337 3881 481 3947 accessit.
512 3881 585 3945 Non
607 3879 691 3944 enim
712 3877 887 3943 confectam
907 3877 948 3942 ab
969 3897 1006 3942 eo
1026 3895 1097 3942 esse
1118 3897 1183 3940 rem
1204 3876 1295 3942 dixe-

209 3992 286 4068 rim,
309 3990 361 4072 qui
382 4009 445 4053 non
460 3993 567 4072 putem
582 4005 691 4078 verum
705 4003 792 4062 esse,
817 3983 901 4066 quod
921 3983 975 4049 ille
995 3983 1172 4062 contendit,
1194 3984 1228 4048 in
1243 4004 1294 4050 se

210 4098 312 4166 cundo
342 4102 513 4180 quartoque
539 4092 621 4180 pede
647 4111 717 4160 eam
747 4089 932 4159 incisionem
957 4097 1123 4180 propterea
1147 4098 1231 4163 recte
1261 4112 1293 4161 se
