2922 4948
283 375 342 440 188
535 459 540 467 ,
674 395 730 436 iro.
750 395 795 436 nr.
823 395 884 436 cnr.
905 395 967 436 viu.

365 549 388 628 ᾗ
410 545 487 612 514.
524 547 635 609 Omisit
657 549 840 628 Hephaestio
865 569 905 610 ex
928 549 1037 611 iisdem
1062 549 1211 611 memhris
1238 551 1377 614 inversis

279 652 319 712 ah
344 649 524 716 Archilocho
550 651 704 715 conditum
732 661 959 749 asynartetum,
991 651 1031 714 dc
1058 672 1119 734 quo
1147 675 1176 716 v.
1204 651 1304 716 Bentl.
1333 655 1378 718 ad

280 757 382 821 Horat.
402 755 492 838 epod.
513 758 562 818 Xl.
590 758 669 820 Vsus
685 777 720 819 eo
736 758 877 818 Horatius
892 756 982 838 epod.
1003 758 1079 819 Xlll.

366 879 468 941 levore
484 877 559 940 diris
572 887 696 960 pectora
711 877 967 940 sollicitudinibus.

362 1087 386 1167 ξ
400 1085 477 1151 515.
504 1084 614 1150 Alcaeo
625 1086 869 1167 Anacreontique
882 1096 1065 1168 usurpatum
1079 1087 1217 1149 essehoc
1234 1099 1377 1152 metrum

276 1192 317 1252 ait
333 1192 533 1270 Hephaestio:

361 1309 479 1358 έυυ-»
485 1327 531 1358 υ-
548 1309 552 1394 ι
569 1305 690 1357 &Losa

276 1431 378 1496 Alcaei
393 1434 451 1496 hoc
465 1436 569 1512 posuit
583 1433 778 1513 exemplum:

361 1541 381 1639 ἦ
404 1544 432 1639 ῥ’
456 1545 506 1616 ἔτι
527 1547 710 1640 Διννομένῃ
733 1555 783 1638 τῷ
808 1546 987 1639 Τοῤῥακήῳ

361 1647 508 1742 τῖίρμενα
530 1652 749 1744 Λαμπρακὲᾳ
771 1649 798 1722 τ’
823 1651 857 1719 ἐν
877 1652 1055 1744 μυρσινήῳ.

275 1781 388 1861 Scripsi
419 1780 503 1860 quod
533 1790 629 1843 metro
660 1781 843 1842 conveniret.
885 1781 960 1842 Nam
992 1800 1072 1861 quae
1103 1801 1174 1843 vera
1207 1785 1247 1844 sit
1272 1785 1375 1849 huius

276 1885 435 1963 fragmenti
458 1887 608 1965 scriptura
631 1894 701 1965 post
723 1894 766 1946 tot
789 1904 882 1946 vanos
905 1893 1032 1948 conatus
1056 1905 1164 1947 vereor
1184 1897 1216 1948 et
1236 1889 1376 1952 inveniri

274 1989 372 2069 possit
394 1990 453 2050 nisi
476 1991 564 2052 novis
580 1991 708 2070 repertis
724 1990 915 2051 testimoniis.
949 1987 1029 2052 lHud
1045 1999 1185 2070 apertum
1203 2001 1267 2072 est,
1297 1995 1375 2056 ferri
1458 2017 1459 2026 2

275 2111 335 2152 non
351 2111 441 2172 posse
464 2093 548 2174 quod
563 2096 594 2155 in
611 2094 706 2156 altero
722 2111 815 2155 versu
830 2092 901 2154 libri
917 2103 1037 2155 veteres
1059 2093 1190 2173 habent,
1218 2085 1375 2178 οἷίρμενο

274 2191 412 2280 λαμπροὶ
435 2188 523 2260 κέατ’
546 2191 579 2259 ἐν
600 2187 757 2279 μορσίνῳ.
791 2199 825 2257 ln
847 2198 947 2277 priore
970 2198 1066 2259 codex
1088 2199 1244 2260 Palatinus
1266 2203 1322 2284 τῷ
1346 2194 1374 2262 τ’

273 2291 433 2385 ὐῤῥοικήῳ.
465 2299 665 2364 Anacreontis
682 2300 764 2361 hunc
776 2319 901 2362 versum
918 2301 1020 2363 attulit
1037 2303 1237 2384 Hephaestio:

361 2412 549 2506 ὀροόλοπος
570 2417 630 2502 μὲν
652 2415 748 2506 Ἄρης
770 2417 881 2508 φιλέει
903 2415 1098 2502 μενοίχμαν.

210 2607 213 2613 ,
273 2543 354 2604 Ilum
368 2563 442 2604 voro
457 2541 665 2624 logaocdicum
682 2564 750 2606 esse
766 2543 822 2604 hoc
838 2553 952 2605 metro:
978 2545 980 2552 ’

358 2651 649 2703 mmmm-vj

272 2789 308 2830 eo
324 2770 532 2848 cognoscitur,
560 2768 644 2848 quod
663 2771 755 2830 etiam
771 2779 870 2831 cetera
887 2771 980 2833 huius
996 2772 1086 2832 metri
1102 2773 1259 2853 exempla,
1284 2793 1372 2855 quar

273 2873 304 2932 in
320 2871 537 2934 Anacreontcis
553 2874 772 2952 inveniuntur,
800 2877 939 2960 quintam
956 2895 973 2936 a
990 2877 1050 2936 fine
1067 2875 1218 2953 syllabam
1236 2878 1370 2940 hrevem

273 2975 397 3036 hahent.
435 2974 525 3048 Quod
552 2977 610 3036 nisi
638 2977 821 3056 Hephaestio
848 2955 914 3040 duo⁸
936 2979 1059 3040 diversa
1087 2989 1182 3040 metra
1211 2983 1367 3060 confudit

272 3078 374 3140 Alcaei
396 3079 601 3159 fragmentum
624 3079 800 3141 huiusmodi
822 3081 897 3161 quid
915 3082 1061 3144 hahuisse
1077 3083 1268 3145 censendum
1284 3088 1366 3146 crit:

358 3185 428 3284 ἠδ
453 3191 502 3262 ἔτι
524 3194 707 3286 Διννομένῃ
731 3221 766 3263 τε
792 3194 970 3288 Ῥνῤῥοικήῳ

357 3292 503 3390 adriperet
525 3299 746 3390 Λαμπρακέᾳ
768 3325 803 3367 τε
826 3301 1021 3392 Μοροινήῳ.

357 3512 380 3594 5
395 3508 472 3576 516.
499 3512 592 3577 Aliud
608 3534 647 3575 ex
662 3513 816 3576 lohacchis
831 3512 1010 3576 Archilocho
1026 3515 1206 3597 adscriptis:

273 3633 278 3644 ⁴
356 3619 552 3672 OLcJJLo„
570 3624 574 3711 p
590 3621 760 3672 Ammo-

356 3729 532 3822 Δήμητρος
554 3732 656 3824 ἃγνῆς
677 3733 734 3802 καὶ
758 3731 870 3823 Κόρης
891 3732 949 3824 τὴν
971 3737 1150 3826 πανήγυριν
1174 3735 1285 3824 σέβων.

356 3943 379 4024 ὅ
394 3941 470 4008 517.
498 3942 591 4007 Aliud
606 3946 783 4010 huiusmodi
800 3947 886 4028 apud
901 3948 1098 4028 Euripidem:

356 4051 549 4102 Qsscjssc-
567 4056 571 4140 p
589 4054 733 4104 έυ-υ-ῦ

357 4162 442 4254 ἑῷος
463 4161 544 4255 ἡνίχ’
570 4161 721 4244 ἱππότας
744 4164 931 4257 ἐξέλαμψεν
953 4164 1068 4258 ἀστήρ.

271 4291 346 4352 vide
364 4293 481 4355 cenum.
502 4293 538 4353 n.
565 4294 631 4377 ilc.
