2930 4962
239 121 243 150 l

255 348 294 411 ω
663 368 920 412 mmmm

334 517 428 600 551.
464 505 674 582 llcnsuram
701 525 864 584 metrica
891 523 1070 583 maiorem
1096 507 1244 584 emnem
1266 529 1338 584 tro-

247 622 334 683 chaei
355 625 502 702 sementi,
529 625 583 704 qui
597 644 615 685 c
631 623 756 687 duabus
771 626 868 706 longis
885 625 1014 706 syllabis
1029 634 1219 704 constantes,
1246 627 1338 705 prio-

247 743 312 786 rem
336 735 417 806 coto,
443 728 642 807 posteriorem
664 737 809 809 quattuor
829 739 1002 808 temporum
1023 727 1153 808 babent,
1181 747 1281 809 eaque
1303 749 1337 790 re

248 830 355 910 integri
383 849 422 890 ex
448 830 592 909 pluribus
618 832 753 911 pedibus
779 831 912 894 membri
942 831 1040 894 cilicio
1069 831 1251 912 iunguntur.
1292 832 1337 894 Eo

248 931 377 994 fortasse
399 935 492 994 ctiam
513 935 651 1015 paeonici
673 937 795 996 numeri
817 933 971 997 referendi
991 945 1079 1015 sunl,
1106 934 1145 996 de
1165 935 1281 1015 quibus
1301 956 1332 996 v.

248 1033 267 1118 ᾗ
287 1038 359 1097 445.

334 1240 359 1323 9
373 1238 427 1308 52.
454 1245 573 1306 Pausa
589 1244 624 1305 fit
634 1243 791 1306 interdum
803 1247 835 1306 in
847 1245 949 1309 medio
959 1263 1089 1307 numero
1100 1247 1235 1307 musico:
1255 1261 1337 1324 quae

249 1363 346 1426 quum
362 1346 467 1426 iaciat,
494 1356 530 1408 ul
550 1347 698 1440 albinius
719 1357 750 1409 el
765 1348 884 1428 syllaba
900 1367 1013 1428 anceps
1033 1347 1228 1427 admitlalur3
1255 1348 1338 1408 finiri

247 1468 283 1510 eo
299 1450 363 1511 loco
378 1469 502 1512 versum
525 1452 668 1528 postulat.
703 1452 742 1514 Vl
761 1451 846 1534 apud
860 1451 1024 1514 Pindarum
1044 1453 1091 1514 01.
1112 1454 1159 1514 Vl.
1181 1455 1199 1514 5
1221 1451 1260 1534 (7)
1281 1450 1338 1513 ubi

249 1571 346 1636 quum
363 1555 484 1615 numeri
500 1553 530 1614 hi
547 1555 618 1634 sint,

335 1655 649 1704 ..LvL-Lw-w.w

335 1759 624 1807 summm:-

335 1861 530 1910 Luca-wa

249 1977 319 2046 post
337 1969 467 2048 primam
484 1966 612 2030 secundi
625 1985 737 2028 versus
754 1966 906 2044 syllabam
921 1984 1018 2048 pausa
1042 1968 1093 2044 lil3
1119 1965 1205 2028 unde
1224 1985 1337 2029 versus

249 2072 290 2131 ita
306 2069 514 2151 distinguendi
529 2080 620 2132 sunl:

336 2173 449 2257 Βωμῷ
464 2194 500 2236 τε
514 2165 660 2256 μαντείῳ
676 2165 801 2253 ταμίας
815 2169 900 2248 Διὸς
915 2167 949 2235 ἐν
963 2168 1070 2259 Πίσᾳ,

336 2271 545 2364 συνοικιστήρ
559 2297 596 2339 τε
610 2277 671 2338 τᾶν
687 2272 820 2339 κλεινᾶν
834 2277 1005 2361 Συρακοσ-

337 2381 409 2460 σᾶν,
425 2373 500 2444 τίνα
514 2401 570 2444 κεν
585 2373 687 2467 φύγοι
701 2371 812 2461 ὕμνον.

336 2586 429 2669 553.
460 2588 743 2670 Paracataloge,
767 2589 856 2650 cuius
876 2565 1061 2650 mentionem
1081 2586 1198 2652 iaciunt
1213 2587 1337 2652 Aristo-

250 2693 327 2754 teles
349 2692 499 2755 Problem.
518 2695 569 2754 lX.
591 2696 609 2754 6
632 2703 664 2754 et
684 2693 864 2754 Plutarchus
887 2691 927 2753 de
949 2693 1065 2754 musica
1087 2712 1119 2774 p.
1141 2695 1222 2754 llio
1246 2695 1277 2754 F.
1306 2703 1337 2755 ct

254 2797 329 2857 llll
358 2793 394 2857 Α.
421 2797 609 2877 quibuscum
633 2795 837 2858 conferendus
860 2796 1032 2875 llesycbius
1051 2798 1082 2857 in
1105 2816 1136 2859 v.
1154 2790 1332 2880 καταλογή,

251 2901 390 2960 remissio
413 2911 460 2961 est
482 2901 603 2962 numeri
625 2900 664 2961 ad
686 2901 817 2962 incertos
838 2900 1009 2960 communis
1024 2901 1174 2962 sermonis
1190 2917 1336 2961 numeros

251 3001 415 3082 accedens,
451 3022 545 3083 quam
580 3005 674 3065 nostri
708 3005 816 3064 musici
850 3021 947 3081 genus
980 3002 1108 3063 canendi
1143 3005 1335 3066 recitativum

251 3116 372 3169 vocant.
1324 3113 1331 3126 ’

337 3312 431 3396 554.
458 3315 501 3375 Ea
519 3314 642 3376 duabus
658 3316 689 3374 in
706 3315 801 3376 rebus
817 3316 962 3395 cernitur,
982 3316 1015 3376 in
1029 3315 1207 3376 remissione
1223 3316 1337 3378 celeri-

252 3420 323 3480 tatis
350 3420 381 3478 in
409 3418 469 3479 fine
492 3417 696 3499 quorumdam
723 3437 943 3498 numerorum,
973 3429 1009 3480 ul
1034 3418 1279 3482 dochmiacorum
1306 3429 1337 3482 el

253 3521 492 3602 Glyconcorum;
518 3521 603 3584 unde
625 3523 655 3583 bi
678 3522 852 3603 spondeum
874 3524 905 3582 in
927 3524 1028 3585 locum
1049 3523 1148 3584 finalis
1172 3522 1265 3584 iambi
1281 3542 1337 3584 re-

252 3627 378 3705 cipiunt.
495 3709 496 3713 Ἰ

338 3829 431 3912 §bb
458 3832 575 3894 Deinde
590 3835 621 3894 in
633 3834 784 3896 solutione
799 3835 893 3895 lolius
905 3835 1037 3914 numeri,
1053 3833 1136 3914 quod
1151 3835 1186 3897 fit
1199 3834 1335 3913 plurium

254 3935 395 3998 brevium
419 3936 608 4015 syllabarum
631 3936 672 3998 ad
694 3937 846 4017 quosdam
867 3955 1013 4001 numeros
1036 3938 1221 4000 adiectione:
1247 3948 1282 4000 ut
1297 3937 1337 4000 ad

252 4038 454 4101 dochmiacos.
481 4042 543 4102 Hae
559 4059 609 4101 res
624 4059 731 4102 omnes
746 4043 812 4104 suis
828 4043 902 4104 locis
916 4041 1164 4121 explicabuntur.

638 4249 947 4258 ——-—--—-—-—-—-—
