2896 4960
413 281 595 350 onerosum
608 303 825 348 cuoariuarcrs.
1029 319 1032 332 ι
1104 285 1164 348 139

158 459 275 542 Mil.
301 461 485 522 Trimetrl
499 457 590 520 modo
604 459 764 522 attulimus
779 458 957 539 exemplum
970 456 1118 536 exlphig„
1131 457 1163 516 in

78 563 141 627 hul.
179 567 472 627 Tetrametrum
502 562 776 624 catalecticum
805 563 898 624 etiam
927 562 1034 642 tragici
1063 577 1163 622 usur-

74 678 208 749 parunt,
227 677 263 731 ut
277 669 384 747 Eurip.
404 669 490 729 llere.
510 665 531 727 f.
553 670 627 728 639.

158 763 182 832 o‘e
205 764 322 846 νεότας
341 791 403 852 μοι
425 763 526 857 φίλον
547 758 673 848 ίίχθος,
695 759 734 830 τὸ
757 762 795 832 dd
816 769 919 854 γῆρας
941 759 1020 832 αίιί.

65 873 235 937 Anacreon
248 876 281 936 in
296 876 354 937 hoe
367 895 478 956 genere
494 872 631 936 secunda
646 873 678 938 in
694 872 769 936 sede
785 871 956 934 diiambum
971 873 1091 952 posuit:

157 973 197 1041 ἐκ
218 979 378 1059 ποταμοῦ
397 968 620 1061 ’πανέρχομαι
641 968 752 1038 πάντα
775 969 924 1062 φέρουσα
946 972 1095 1058 λαμπρά.

64 1085 97 1144 Si
115 1091 299 1145 constanter
311 1102 437 1163 purum,
456 1081 556 1143 videri
570 1081 671 1163 potest
685 1081 735 1142 hic
749 1099 860 1142 versus
875 1099 915 1141 ex
930 1080 1055 1145 duobus
1072 1083 1161 1162 loga—

63 1187 185 1248 oedicis
202 1187 389 1268 compositus
405 1206 482 1248 esse.
517 1184 606 1247 Tales
627 1190 701 1246 sunt
723 1183 858 1246 sedecim
874 1203 983 1248 versus
999 1186 1160 1268 Eupolidis

62 1311 115 1372 ap.
130 1287 245 1351 Athen.
257 1292 306 1354 Vl.
321 1311 352 1372 p.
367 1291 438 1350 936.
458 1288 613 1350 emendati
628 1287 713 1370 apud
722 1287 929 1351 Gaisfordium
944 1289 985 1351 ad
993 1291 1156 1372 Hephaest.

63 1415 95 1476 p.
110 1397 189 1457 296.
216 1394 279 1456 Sed
294 1414 366 1456 vere
382 1393 578 1456 choriambici
593 1401 668 1456 sunt
681 1391 767 1473 apud
775 1390 929 1474 Aristoph.
942 1394 1068 1472 Lysistr.
1084 1395 1155 1457 319.

66 1499 142 1560 320.
164 1498 240 1560 327.
262 1499 334 1559 3ll.
353 1499 412 1560 nisi
428 1497 460 1558 hi
475 1506 548 1560 sunt
563 1498 595 1558 in
607 1496 753 1560 dimetros
769 1493 939 1560 dividendi.
966 1499 1005 1560 Et
1019 1497 1159 1563 eiusdem

71 1600 155 1684 apud
172 1599 448 1680 Hephaestionem:
645 1671 651 1680 ,

154 1693 237 1768 οἶδα
256 1698 318 1786 μὲν
339 1695 478 1786 ἀρχαῖόν
498 1726 532 1768 τι
553 1694 656 1789 ὄριῖίν,
677 1694 771 1783 κούχὶ
794 1695 909 1790 λέληθ’
931 1697 1083 1788 ἐμαυτόν.

155 1909 276 1994 5412.
302 1916 548 1976 Tetrametro
571 1915 790 1976 acatalecto
810 1905 1064 1995 usushnaereon,
1081 1935 1158 1994 pro-

73 2018 188 2078 miscue
202 2017 378 2080 choriambo
390 2017 590 2098 diiamboque
601 2017 720 2100 positis,
739 2020 799 2080 nisi
811 2017 896 2099 quod
911 2020 944 2082 in
959 2015 1021 2082 dne
1036 2039 1160 2101 semper

72 2119 240 2182 diiambum
255 2121 360 2201 habet,
379 2120 465 2202 apud
479 2120 672 2184 Athenaeum
689 2123 752 2184 Xll.
772 2142 803 2202 p.
818 2125 889 2186 533.

153 2221 235 2310 πρὶν
254 2219 316 2306 μὲν
337 2217 419 2304 ἔχων
437 2219 630 2311 βερβέριον,
653 2216 839 2306 καλύμματ’
863 2220 1092 2313 ἐσφηκωμένα,

153 2323 212 2391 καί
233 2319 386 2404 ξυλίνους
407 2317 638 2413 ἀστραγάλους
659 2322 693 2392 ἐν
714 2320 789 2408 dut,
810 2324 868 2392 καί
887 2324 991 2418 ψιλὸν
1012 2328 1091 2416 περὶ

195 2428 384 2519 πλευρῇσι.
401 2479 409 2494 .
425 2479 434 2496 .
448 2425 541 2515 βοός,

150 2530 334 2600 νεόπλυτον
354 2525 474 2617 είλνμα
497 2537 600 2624 κακῆς
622 2528 784 2616 ἀσπίδος,
811 2529 1039 2622 ἀρτοπώλισιν

148 2630 450 2727 κῆθελοπόρνοισιν
470 2633 613 2722 ὁμιλέων
636 2633 654 2705 ὃ
677 2636 823 2728 πονηρὸς
843 2637 1019 2727 Ἀρτέμων,

193 2739 353 2831 κίβδηλον
369 2737 530 2830 εὑρίσκων
544 2737 631 2827 βίον,

147 2841 263 2911 πολλὰ
284 2843 346 2930 μὲν
361 2841 395 2911 ἐν
416 2833 515 2933 δουρὶ
528 2843 639 2923 τιθείς
654 2839 791 2930 αὐχένα,
813 2843 925 2912 πολλὰ
942 2839 969 2910 δ’
986 2845 1020 2914 ἐν
1034 2855 1156 2938 τροχηί,

147 2945 263 3015 πολλὰ
282 2947 320 3017 dd
341 2946 434 3037 νώτῳ
459 2947 591 3039 σκυτίνῃ
606 2947 744 3039 μάστιγι
760 2938 963 3036 θωμιχθείς,
982 2947 1086 3042 κόμην

193 3049 339 3140 πιίχωνοί
360 3047 388 3120 τ’
410 3051 654 3138 ἐκτετιλμένος·
1075 3057 1077 3062 ’

147 3159 206 3222 νῦν
229 3151 259 3223 d'
283 3155 453 3242 ἐπιβαίνει
474 3155 643 3239 σατινέων,
659 3157 781 3245 χρύσεα
797 3157 928 3250 φορέων
942 3156 1153 3249 καθέρματα,

150 3262 237 3338 παῖς
258 3257 276 3327 d
299 3258 431 3351 Κίκης,
456 3259 514 3329 καί
535 3254 730 3352 σκιαδίσκην
754 3258 968 3354 ἐλεφαντίνην
990 3267 1092 3355 φορεῖ

191 3364 338 3450 γυναιξίν
353 3357 463 3444 αι’ίτως
478 3416 486 3433 .
503 3416 512 3432 .
528 3415 536 3432 .

145 3573 179 3656 5.
200 3572 278 3641 413.
305 3577 413 3639 Rarior
434 3577 630 3640 choriambici
651 3579 741 3640 metri
762 3595 839 3641 usus
861 3588 910 3644 est
928 3580 1013 3661 apud
1035 3584 1153 3645 Roma-

57 3697 170 3740 norum
178 3681 321 3742 comicos.
350 3682 553 3745 Inveniuntur
560 3690 664 3744 tamon
671 3683 813 3744 nonnulli
821 3683 1063 3765 apudPlautum,
1078 3689 1154 3769 quin

60 3784 153 3846 etiam
169 3781 255 3862 apud
270 3785 447 3846 Terentium
461 3782 591 3867 Adelph.
611 3787 659 3851 lV.
679 3789 711 3869 4,
725 3790 753 3849 l.
774 3787 815 3851 de
828 3788 957 3852 Bentleii
980 3793 1149 3858 sententia:

144 3886 281 3950 membra
296 3895 377 3952 metu
393 3889 508 3952 debitio
1007 3935 1008 3940 κ

187 3988 274 4066 uitat·
293 3994 414 4054 coimus
430 3994 538 4057 timore

145 4093 301 4176 thatipuit;
315 4099 436 4176 pectore
451 4099 497 4160 nil

186 4201 293 4264 cistere
309 4199 415 4264 σοοειλί
429 4203 503 4284 quit.
