<?xml version="1.0" encoding="UTF-8"?>
<!DOCTYPE html PUBLIC "-//W3C//DTD XHTML 1.0 Transitional//EN"
    "http://www.w3.org/TR/xhtml1/DTD/xhtml1-transitional.dtd">
<html xmlns="http://www.w3.org/1999/xhtml" xml:lang="en" lang="en">
 <head>
  <title>
</title>
<meta http-equiv="Content-Type" content="text/html;charset=utf-8" />
  <meta name='ocr-system' content='tesseract 3.04.00' />
  <meta name='ocr-capabilities' content='ocr_page ocr_carea ocr_par ocr_line ocrx_word'/>
</head>
<body>
  <div class='ocr_page' id='page_1' title='image "./doctrinaemetric00hermgoog/doctrinaemetric00hermgoog_0209.png"; bbox 0 0 2922 4948; ppageno 0'>
   <div class='ocr_carea' id='block_1_1' title="bbox 271 329 955 401">
    <p class='ocr_par' dir='ltr' id='par_1_1' title="bbox 271 329 955 401">
     <span class='ocr_line' id='line_1_1' title="bbox 271 329 955 401; baseline -0.001 -11"><span class='ocrx_word' id='word_1_1' title='bbox 271 329 330 392; x_wconf 83' lang='lat'>186</span> <span class='ocrx_word' id='word_1_2' title='bbox 662 349 718 390; x_wconf 79' lang='lat' dir='ltr'>crs.</span> <span class='ocrx_word' id='word_1_3' title='bbox 740 349 783 390; x_wconf 94' lang='grc' dir='ltr'><strong>ιιι.</strong></span> <span class='ocrx_word' id='word_1_4' title='bbox 812 349 875 401; x_wconf 75' lang='lat' dir='ltr'>cir,</span> <span class='ocrx_word' id='word_1_5' title='bbox 893 349 955 390; x_wconf 85' lang='grc' dir='ltr'><strong>ιιιι.</strong></span> 
     </span>
    </p>
   </div>
   <div class='ocr_carea' id='block_1_2' title="bbox 266 501 1350 1361">
    <p class='ocr_par' dir='ltr' id='par_1_2' title="bbox 267 501 1348 688">
     <span class='ocr_line' id='line_1_2' title="bbox 267 501 1348 586; baseline 0.003 -23"><span class='ocrx_word' id='word_1_6' title='bbox 267 503 375 582; x_wconf 90' lang='lat' dir='ltr'>habet,</span> <span class='ocrx_word' id='word_1_7' title='bbox 401 505 460 565; x_wconf 92' lang='lat' dir='ltr'>nisi</span> <span class='ocrx_word' id='word_1_8' title='bbox 479 523 574 586; x_wconf 89' lang='lat' dir='ltr'>prava</span> <span class='ocrx_word' id='word_1_9' title='bbox 598 504 714 565; x_wconf 85' lang='lat' dir='ltr'>ratione</span> <span class='ocrx_word' id='word_1_10' title='bbox 737 504 768 562; x_wconf 92' lang='lat' dir='ltr'>in</span> <span class='ocrx_word' id='word_1_11' title='bbox 788 501 928 584; x_wconf 90' lang='lat' dir='ltr'>dipodias</span> <span class='ocrx_word' id='word_1_12' title='bbox 944 502 1154 583; x_wconf 76' lang='lat' dir='ltr'>describatur,</span> <span class='ocrx_word' id='word_1_13' title='bbox 1181 523 1238 565; x_wconf 89' lang='lat' dir='ltr'>nec</span> <span class='ocrx_word' id='word_1_14' title='bbox 1259 505 1348 586; x_wconf 83' lang='lat' dir='ltr'>poly-</span> 
     </span>
     <span class='ocr_line' id='line_1_3' title="bbox 268 606 1024 688; baseline -0.004 -19"><span class='ocrx_word' id='word_1_15' title='bbox 268 608 483 688; x_wconf 85' lang='lat' dir='ltr'>schematistus</span> <span class='ocrx_word' id='word_1_16' title='bbox 498 618 553 670; x_wconf 90' lang='lat' dir='ltr'>est.</span> <span class='ocrx_word' id='word_1_17' title='bbox 589 609 715 670; x_wconf 76' lang='lat' dir='ltr'>Constat</span> <span class='ocrx_word' id='word_1_18' title='bbox 730 627 769 668; x_wconf 81' lang='lat' dir='ltr'>ex</span> <span class='ocrx_word' id='word_1_19' title='bbox 784 607 833 668; x_wconf 92' lang='lat' dir='ltr'>his</span> <span class='ocrx_word' id='word_1_20' title='bbox 848 606 1024 669; x_wconf 80' lang='lat' dir='ltr'>ordinibus:</span> 
     </span>
    </p>

    <p class='ocr_par' dir='ltr' id='par_1_3' title="bbox 268 723 1350 1034">
     <span class='ocr_line' id='line_1_4' title="bbox 352 723 838 814; baseline 0.002 -42"><span class='ocrx_word' id='word_1_21' title='bbox 352 723 427 774; x_wconf 66' lang='lat' dir='ltr'>ULU</span> <span class='ocrx_word' id='word_1_22' title='bbox 443 725 447 814; x_wconf 51' lang='lat' dir='ltr'>l</span> <span class='ocrx_word' id='word_1_23' title='bbox 466 727 583 774; x_wconf 63' lang='lat' dir='ltr'>Lec--</span> <span class='ocrx_word' id='word_1_24' title='bbox 600 725 612 814; x_wconf 73' lang='grc' dir='ltr'>Η</span> <span class='ocrx_word' id='word_1_25' title='bbox 630 723 703 773; x_wconf 69' lang='lat' dir='ltr'>ULQ</span> <span class='ocrx_word' id='word_1_26' title='bbox 721 723 725 812; x_wconf 53' lang='lat' dir='ltr'>y</span> <span class='ocrx_word' id='word_1_27' title='bbox 742 727 838 773; x_wconf 59' lang='grc' dir='ltr'>ἐω-</span> 
     </span>
     <span class='ocr_line' id='line_1_5' title="bbox 268 843 1350 934; baseline -0.001 -21"><span class='ocrx_word' id='word_1_28' title='bbox 268 851 401 913; x_wconf 74' lang='lat' dir='ltr'>(laesura</span> <span class='ocrx_word' id='word_1_29' title='bbox 428 869 489 912; x_wconf 92' lang='lat' dir='ltr'>non</span> <span class='ocrx_word' id='word_1_30' title='bbox 512 851 629 930; x_wconf 86' lang='lat' dir='ltr'>ubique</span> <span class='ocrx_word' id='word_1_31' title='bbox 652 859 804 912; x_wconf 87' lang='lat' dir='ltr'>servatur.</span> <span class='ocrx_word' id='word_1_32' title='bbox 848 850 975 932; x_wconf 87' lang='lat' dir='ltr'>Eupolis</span> <span class='ocrx_word' id='word_1_33' title='bbox 1005 851 1128 934; x_wconf 76' lang='grc' dir='ltr'><strong><em>Χρυσῷ</em></strong></span> <span class='ocrx_word' id='word_1_34' title='bbox 1159 843 1244 932; x_wconf 76' lang='grc' dir='ltr'><em>γένει</em></span> <span class='ocrx_word' id='word_1_35' title='bbox 1271 850 1350 931; x_wconf 91' lang='lat' dir='ltr'>apud</span> 
     </span>
     <span class='ocr_line' id='line_1_6' title="bbox 268 953 695 1034; baseline 0.002 -20"><span class='ocrx_word' id='word_1_36' title='bbox 268 953 448 1016; x_wconf 84' lang='lat' dir='ltr'>Meinekium</span> <span class='ocrx_word' id='word_1_37' title='bbox 466 956 501 1016; x_wconf 93' lang='lat' dir='ltr'>ll.</span> <span class='ocrx_word' id='word_1_38' title='bbox 523 956 551 1034; x_wconf 89' lang='lat' dir='ltr'>l,</span> <span class='ocrx_word' id='word_1_39' title='bbox 571 974 602 1034; x_wconf 88' lang='lat' dir='ltr'>p.</span> <span class='ocrx_word' id='word_1_40' title='bbox 623 956 695 1016; x_wconf 82' lang='lat'><strong>535.</strong></span> 
     </span>
    </p>

    <p class='ocr_par' dir='ltr' id='par_1_4' title="bbox 353 1061 1208 1160">
     <span class='ocr_line' id='line_1_7' title="bbox 353 1061 1208 1160; baseline 0.002 -26"><span class='ocrx_word' id='word_1_41' title='bbox 353 1061 380 1135; x_wconf 81' lang='grc' dir='ltr'><em>ὦ</em></span> <span class='ocrx_word' id='word_1_42' title='bbox 402 1068 562 1160; x_wconf 80' lang='grc' dir='ltr'><em>καλλίστη</em></span> <span class='ocrx_word' id='word_1_43' title='bbox 585 1069 667 1137; x_wconf 81' lang='grc' dir='ltr'>πόλι</span> <span class='ocrx_word' id='word_1_44' title='bbox 690 1076 820 1152; x_wconf 77' lang='grc' dir='ltr'><em>πασῶν,</em></span> <span class='ocrx_word' id='word_1_45' title='bbox 845 1067 927 1148; x_wconf 84' lang='grc' dir='ltr'><em>ὅσας</em></span> <span class='ocrx_word' id='word_1_46' title='bbox 948 1067 1068 1138; x_wconf 81' lang='grc' dir='ltr'><em>Κλέων</em></span> <span class='ocrx_word' id='word_1_47' title='bbox 1088 1069 1208 1160; x_wconf 76' lang='grc' dir='ltr'><strong><em>ἐφορᾷ,</em></strong></span> 
     </span>
    </p>

    <p class='ocr_par' dir='ltr' id='par_1_5' title="bbox 266 1165 1350 1361">
     <span class='ocr_line' id='line_1_8' title="bbox 352 1165 1350 1263; baseline 0.001 -24"><span class='ocrx_word' id='word_1_48' title='bbox 352 1170 398 1252; x_wconf 81' lang='grc' dir='ltr'>ὡς</span> <span class='ocrx_word' id='word_1_49' title='bbox 419 1169 587 1258; x_wconf 78' lang='grc' dir='ltr'><em>εὐδαίμων</em></span> <span class='ocrx_word' id='word_1_50' title='bbox 608 1169 770 1262; x_wconf 77' lang='grc' dir='ltr'><em>πρότερόν</em></span> <span class='ocrx_word' id='word_1_51' title='bbox 791 1169 819 1240; x_wconf 76' lang='grc' dir='ltr'>τ’</span> <span class='ocrx_word' id='word_1_52' title='bbox 842 1165 954 1263; x_wconf 73' lang='grc' dir='ltr'><em>ἦσθα,</em></span> <span class='ocrx_word' id='word_1_53' title='bbox 985 1180 1041 1240; x_wconf 82' lang='grc' dir='ltr'>νῦν</span> <span class='ocrx_word' id='word_1_54' title='bbox 1067 1199 1102 1240; x_wconf 81' lang='grc' dir='ltr'><em>νε</em></span> <span class='ocrx_word' id='word_1_55' title='bbox 1124 1175 1253 1258; x_wconf 83' lang='grc' dir='ltr'><em>μᾶλλον</em></span> <span class='ocrx_word' id='word_1_56' title='bbox 1277 1171 1350 1242; x_wconf 75' lang='grc' dir='ltr'><strong>ἔσει.</strong></span> 
     </span>
     <span class='ocr_line' id='line_1_9' title="bbox 266 1300 369 1361; baseline -0.01 0"><span class='ocrx_word' id='word_1_57' title='bbox 266 1300 369 1361; x_wconf 90' lang='lat' dir='ltr'>ldem:</span> 
     </span>
    </p>
   </div>
   <div class='ocr_carea' id='block_1_3' title="bbox 354 1411 1285 1714">
    <p class='ocr_par' dir='ltr' id='par_1_6' title="bbox 354 1411 1285 1714">
     <span class='ocr_line' id='line_1_10' title="bbox 355 1411 1206 1506; baseline -0.002 -23"><span class='ocrx_word' id='word_1_58' title='bbox 355 1413 423 1484; x_wconf 72' lang='grc' dir='ltr'>ἔδει</span> <span class='ocrx_word' id='word_1_59' title='bbox 446 1422 579 1503; x_wconf 77' lang='grc' dir='ltr'><em>πρῶτον</em></span> <span class='ocrx_word' id='word_1_60' title='bbox 601 1417 662 1500; x_wconf 77' lang='grc' dir='ltr'><em>μὲν</em></span> <span class='ocrx_word' id='word_1_61' title='bbox 684 1413 844 1505; x_wconf 77' lang='grc' dir='ltr'>ὑπάρχειν</span> <span class='ocrx_word' id='word_1_62' title='bbox 868 1411 1001 1484; x_wconf 73' lang='grc' dir='ltr'><em>πάντων</em></span> <span class='ocrx_word' id='word_1_63' title='bbox 1026 1413 1206 1506; x_wconf 75' lang='grc' dir='ltr'><em>ἰσηγορίαν.</em></span> 
     </span>
     <span class='ocr_line' id='line_1_11' title="bbox 354 1511 1285 1611; baseline 0.002 -26"><span class='ocrx_word' id='word_1_64' title='bbox 354 1525 429 1600; x_wconf 78' lang='grc' dir='ltr'>πῶς</span> <span class='ocrx_word' id='word_1_65' title='bbox 451 1511 508 1586; x_wconf 79' lang='grc' dir='ltr'><em>οὖν</em></span> <span class='ocrx_word' id='word_1_66' title='bbox 532 1515 591 1587; x_wconf 79' lang='grc' dir='ltr'>οὐκ</span> <span class='ocrx_word' id='word_1_67' title='bbox 614 1514 654 1586; x_wconf 73' lang='grc' dir='ltr'><em>ὄν</em></span> <span class='ocrx_word' id='word_1_68' title='bbox 676 1546 728 1600; x_wconf 81' lang='grc' dir='ltr'>τις</span> <span class='ocrx_word' id='word_1_69' title='bbox 751 1519 875 1606; x_wconf 79' lang='grc' dir='ltr'>ὁμιλῶν</span> <span class='ocrx_word' id='word_1_70' title='bbox 896 1517 1010 1610; x_wconf 82' lang='grc' dir='ltr'><em>χαίροι</em></span> <span class='ocrx_word' id='word_1_71' title='bbox 1032 1522 1149 1611; x_wconf 80' lang='grc' dir='ltr'><strong>τοιᾷδε</strong></span> <span class='ocrx_word' id='word_1_72' title='bbox 1172 1517 1285 1603; x_wconf 79' lang='grc' dir='ltr'><em>πόλει,</em></span> 
     </span>
     <span class='ocr_line' id='line_1_12' title="bbox 355 1619 1168 1714; baseline 0.001 -26"><span class='ocrx_word' id='word_1_73' title='bbox 355 1619 395 1689; x_wconf 80' lang='grc' dir='ltr'>ἵν&gt;</span> <span class='ocrx_word' id='word_1_74' title='bbox 419 1621 545 1705; x_wconf 69' lang='grc' dir='ltr'><em>ἔξεστιν</em></span> <span class='ocrx_word' id='word_1_75' title='bbox 566 1620 653 1690; x_wconf 78' lang='grc' dir='ltr'><em>πάνυ</em></span> <span class='ocrx_word' id='word_1_76' title='bbox 676 1626 790 1714; x_wconf 72' lang='grc' dir='ltr'><em>λεπτῷ</em></span> <span class='ocrx_word' id='word_1_77' title='bbox 811 1631 905 1713; x_wconf 79' lang='grc' dir='ltr'><em>κακῷ</em></span> <span class='ocrx_word' id='word_1_78' title='bbox 927 1650 963 1690; x_wconf 81' lang='grc' dir='ltr'>τε</span> <span class='ocrx_word' id='word_1_79' title='bbox 985 1623 1042 1714; x_wconf 77' lang='grc' dir='ltr'><em>τὴν</em></span> <span class='ocrx_word' id='word_1_80' title='bbox 1067 1621 1168 1691; x_wconf 80' lang='grc' dir='ltr'><em>ἰδέαν.</em></span> 
     </span>
    </p>
   </div>
   <div class='ocr_carea' id='block_1_4' title="bbox 268 1749 1351 1938">
    <p class='ocr_par' dir='ltr' id='par_1_7' title="bbox 268 1749 1351 1938">
     <span class='ocr_line' id='line_1_13' title="bbox 269 1749 1351 1833; baseline 0.001 -22"><span class='ocrx_word' id='word_1_81' title='bbox 269 1751 318 1811; x_wconf 88' lang='lat' dir='ltr'>Sic</span> <span class='ocrx_word' id='word_1_82' title='bbox 345 1770 427 1812; x_wconf 93' lang='lat' dir='ltr'>nunc</span> <span class='ocrx_word' id='word_1_83' title='bbox 452 1761 581 1833; x_wconf 85' lang='lat' dir='ltr'>apparet</span> <span class='ocrx_word' id='word_1_84' title='bbox 605 1749 804 1813; x_wconf 90' lang='lat' dir='ltr'>scribendum</span> <span class='ocrx_word' id='word_1_85' title='bbox 832 1770 917 1814; x_wconf 90' lang='lat' dir='ltr'>esse:</span> <span class='ocrx_word' id='word_1_86' title='bbox 948 1750 1019 1813; x_wconf 91' lang='lat' dir='ltr'>vide</span> <span class='ocrx_word' id='word_1_87' title='bbox 1042 1750 1291 1815; x_wconf 86' lang='lat' dir='ltr'>Lindemannum</span> <span class='ocrx_word' id='word_1_88' title='bbox 1316 1750 1351 1812; x_wconf 91' lang='lat' dir='ltr'>ad</span> 
     </span>
     <span class='ocr_line' id='line_1_14' title="bbox 268 1855 790 1938; baseline 0.002 -23"><span class='ocrx_word' id='word_1_89' title='bbox 268 1855 413 1916; x_wconf 79' lang='lat' dir='ltr'>Prisciani</span> <span class='ocrx_word' id='word_1_90' title='bbox 428 1875 520 1936; x_wconf 89' lang='lat' dir='ltr'>opera</span> <span class='ocrx_word' id='word_1_91' title='bbox 537 1857 653 1918; x_wconf 90' lang='lat' dir='ltr'>minora</span> <span class='ocrx_word' id='word_1_92' title='bbox 668 1875 698 1938; x_wconf 89' lang='lat' dir='ltr'>p.</span> <span class='ocrx_word' id='word_1_93' title='bbox 719 1855 790 1916; x_wconf 71' lang='lat' dir='ltr'>aba.</span> 
     </span>
    </p>
   </div>
   <div class='ocr_carea' id='block_1_5' title="bbox 658 2119 967 2128">
    <p class='ocr_par' dir='ltr' id='par_1_8' title="bbox 658 2119 967 2128">
     <span class='ocr_line' id='line_1_15' title="bbox 658 2119 967 2128; baseline 0 -2"><span class='ocrx_word' id='word_1_94' title='bbox 658 2119 967 2128; x_wconf 72' lang='lat'><strong>————-—--</strong></span> 
     </span>
    </p>
   </div>
   <div class='ocr_carea' id='block_1_6' title="bbox 692 2331 929 2401">
    <p class='ocr_par' dir='ltr' id='par_1_9' title="bbox 692 2331 929 2401">
     <span class='ocr_line' id='line_1_16' title="bbox 692 2331 929 2401; baseline 0.004 -1"><span class='ocrx_word' id='word_1_95' title='bbox 692 2333 801 2401; x_wconf 84' lang='lat' dir='ltr'>cAP.</span> <span class='ocrx_word' id='word_1_96' title='bbox 820 2331 929 2401; x_wconf 92' lang='lat' dir='ltr'><strong>VIII.</strong></span> 
     </span>
    </p>
   </div>
   <div class='ocr_carea' id='block_1_7' title="bbox 510 2483 1112 2576">
    <p class='ocr_par' dir='ltr' id='par_1_10' title="bbox 510 2483 1112 2576">
     <span class='ocr_line' id='line_1_17' title="bbox 510 2483 1112 2576; baseline 0.003 -24"><span class='ocrx_word' id='word_1_97' title='bbox 510 2485 568 2554; x_wconf 90' lang='lat' dir='ltr'>De</span> <span class='ocrx_word' id='word_1_98' title='bbox 595 2483 799 2554; x_wconf 87' lang='lat' dir='ltr'>versibus</span> <span class='ocrx_word' id='word_1_99' title='bbox 827 2485 1112 2576; x_wconf 79' lang='lat' dir='ltr'>asynar&#39;tetis</span> 
     </span>
    </p>
   </div>
   <div class='ocr_carea' id='block_1_8' title="bbox 293 2473 303 2502">
    <p class='ocr_par' dir='ltr' id='par_1_11' title="bbox 293 2473 303 2502">
     <span class='ocr_line' id='line_1_18' title="bbox 293 2473 303 2502; baseline 0 0"><span class='ocrx_word' id='word_1_100' title='bbox 293 2473 303 2502; x_wconf 66' lang='lat' dir='ltr'>t</span> 
     </span>
    </p>
   </div>
   <div class='ocr_carea' id='block_1_9' title="bbox 331 2653 1354 2736">
    <p class='ocr_par' dir='ltr' id='par_1_12' title="bbox 331 2653 1354 2736">
     <span class='ocr_line' id='line_1_19' title="bbox 331 2653 1354 2736; baseline -0.007 -15"><span class='ocrx_word' id='word_1_101' title='bbox 331 2653 469 2736; x_wconf 60' lang='lat' dir='ltr'>v5508.</span> <span class='ocrx_word' id='word_1_102' title='bbox 504 2657 617 2718; x_wconf 83' lang='lat' dir='ltr'>Metrici</span> <span class='ocrx_word' id='word_1_103' title='bbox 639 2673 746 2717; x_wconf 89' lang='lat' dir='ltr'>versus</span> <span class='ocrx_word' id='word_1_104' title='bbox 768 2673 835 2734; x_wconf 87' lang='lat' dir='ltr'>eos,</span> <span class='ocrx_word' id='word_1_105' title='bbox 862 2655 892 2715; x_wconf 93' lang='lat' dir='ltr'>in</span> <span class='ocrx_word' id='word_1_106' title='bbox 912 2655 1027 2735; x_wconf 93' lang='lat' dir='ltr'>quibus</span> <span class='ocrx_word' id='word_1_107' title='bbox 1044 2653 1107 2716; x_wconf 93' lang='lat' dir='ltr'>duo</span> <span class='ocrx_word' id='word_1_108' title='bbox 1122 2655 1265 2716; x_wconf 91' lang='lat' dir='ltr'>membra</span> <span class='ocrx_word' id='word_1_109' title='bbox 1281 2674 1354 2715; x_wconf 90' lang='lat' dir='ltr'>con-</span> 
     </span>
    </p>
   </div>
   <div class='ocr_carea' id='block_1_10' title="bbox 267 2759 1353 3462">
    <p class='ocr_par' dir='ltr' id='par_1_13' title="bbox 267 2759 1353 3462">
     <span class='ocr_line' id='line_1_20' title="bbox 268 2759 1352 2840; baseline -0.002 -20"><span class='ocrx_word' id='word_1_110' title='bbox 268 2761 373 2821; x_wconf 90' lang='lat' dir='ltr'>iuncta</span> <span class='ocrx_word' id='word_1_111' title='bbox 390 2762 461 2838; x_wconf 92' lang='lat' dir='ltr'>sint,</span> <span class='ocrx_word' id='word_1_112' title='bbox 487 2779 566 2838; x_wconf 89' lang='lat' dir='ltr'>quae</span> <span class='ocrx_word' id='word_1_113' title='bbox 582 2761 721 2820; x_wconf 86' lang='lat' dir='ltr'>connecti</span> <span class='ocrx_word' id='word_1_114' title='bbox 737 2759 936 2839; x_wconf 80' lang='lat' dir='ltr'>copularique</span> <span class='ocrx_word' id='word_1_115' title='bbox 951 2768 1117 2839; x_wconf 89' lang='lat' dir='ltr'>nequeant,</span> <span class='ocrx_word' id='word_1_116' title='bbox 1144 2769 1352 2840; x_wconf 76' lang='lat' dir='ltr'>asynarte-</span> 
     </span>
     <span class='ocr_line' id='line_1_21' title="bbox 269 2859 1353 2943; baseline -0.004 -19"><span class='ocrx_word' id='word_1_117' title='bbox 269 2872 330 2924; x_wconf 92' lang='lat' dir='ltr'>tos</span> <span class='ocrx_word' id='word_1_118' title='bbox 354 2872 474 2924; x_wconf 84' lang='lat' dir='ltr'>vocant.</span> <span class='ocrx_word' id='word_1_119' title='bbox 508 2859 593 2935; x_wconf 86' lang='lat' dir='ltr'>Quae</span> <span class='ocrx_word' id='word_1_120' title='bbox 610 2862 746 2924; x_wconf 85' lang='lat' dir='ltr'>definitio</span> <span class='ocrx_word' id='word_1_121' title='bbox 762 2863 837 2924; x_wconf 90' lang='lat' dir='ltr'>lalsa</span> <span class='ocrx_word' id='word_1_122' title='bbox 854 2871 918 2942; x_wconf 90' lang='lat' dir='ltr'>est,</span> <span class='ocrx_word' id='word_1_123' title='bbox 944 2864 1014 2943; x_wconf 91' lang='lat' dir='ltr'>quia</span> <span class='ocrx_word' id='word_1_124' title='bbox 1032 2863 1122 2924; x_wconf 92' lang='lat' dir='ltr'>etiam</span> <span class='ocrx_word' id='word_1_125' title='bbox 1140 2863 1170 2922; x_wconf 92' lang='lat' dir='ltr'>in</span> <span class='ocrx_word' id='word_1_126' title='bbox 1187 2863 1353 2943; x_wconf 90' lang='lat' dir='ltr'>permultos</span> 
     </span>
     <span class='ocr_line' id='line_1_22' title="bbox 267 2965 1351 3046; baseline -0.001 -21"><span class='ocrx_word' id='word_1_127' title='bbox 267 2985 378 3026; x_wconf 87' lang='lat' dir='ltr'>versus</span> <span class='ocrx_word' id='word_1_128' title='bbox 394 2965 490 3044; x_wconf 86' lang='lat' dir='ltr'>cadit,</span> <span class='ocrx_word' id='word_1_129' title='bbox 517 2967 651 3046; x_wconf 88' lang='lat' dir='ltr'>quinon</span> <span class='ocrx_word' id='word_1_130' title='bbox 675 2976 878 3028; x_wconf 87' lang='lat' dir='ltr'>numerantur</span> <span class='ocrx_word' id='word_1_131' title='bbox 898 2968 927 3029; x_wconf 90' lang='lat' dir='ltr'>in</span> <span class='ocrx_word' id='word_1_132' title='bbox 952 2967 1146 3046; x_wconf 78' lang='lat' dir='ltr'>asynartetis.</span> <span class='ocrx_word' id='word_1_133' title='bbox 1180 2968 1285 3039; x_wconf 84' lang='lat' dir='ltr'>Quare</span> <span class='ocrx_word' id='word_1_134' title='bbox 1301 2985 1351 3026; x_wconf 91' lang='lat' dir='ltr'>nos</span> 
     </span>
     <span class='ocr_line' id='line_1_23' title="bbox 268 3071 1350 3151; baseline -0.002 -21"><span class='ocrx_word' id='word_1_135' title='bbox 268 3087 320 3130; x_wconf 88' lang='lat' dir='ltr'>eos</span> <span class='ocrx_word' id='word_1_136' title='bbox 343 3089 452 3131; x_wconf 89' lang='lat' dir='ltr'>versus</span> <span class='ocrx_word' id='word_1_137' title='bbox 480 3079 739 3150; x_wconf 78' lang='lat' dir='ltr'>asynartetos</span> <span class='ocrx_word' id='word_1_138' title='bbox 765 3090 926 3149; x_wconf 88' lang='lat' dir='ltr'>vocamus,</span> <span class='ocrx_word' id='word_1_139' title='bbox 957 3089 1089 3150; x_wconf 83' lang='lat' dir='ltr'>quorum</span> <span class='ocrx_word' id='word_1_140' title='bbox 1113 3078 1217 3151; x_wconf 88' lang='lat' dir='ltr'>partes</span> <span class='ocrx_word' id='word_1_141' title='bbox 1241 3071 1350 3130; x_wconf 79' lang='lat' dir='ltr'>laxiore</span> 
     </span>
     <span class='ocr_line' id='line_1_24' title="bbox 268 3173 1350 3255; baseline -0.001 -22"><span class='ocrx_word' id='word_1_142' title='bbox 268 3175 392 3236; x_wconf 89' lang='lat' dir='ltr'>vinculo</span> <span class='ocrx_word' id='word_1_143' title='bbox 408 3175 586 3252; x_wconf 82' lang='lat' dir='ltr'>cohaerent,</span> <span class='ocrx_word' id='word_1_144' title='bbox 612 3173 652 3236; x_wconf 91' lang='lat' dir='ltr'>ita</span> <span class='ocrx_word' id='word_1_145' title='bbox 670 3185 704 3236; x_wconf 91' lang='lat' dir='ltr'>ut</span> <span class='ocrx_word' id='word_1_146' title='bbox 718 3176 895 3255; x_wconf 88' lang='lat' dir='ltr'>perpetuari</span> <span class='ocrx_word' id='word_1_147' title='bbox 912 3175 1054 3236; x_wconf 89' lang='lat' dir='ltr'>orationis</span> <span class='ocrx_word' id='word_1_148' title='bbox 1071 3174 1262 3236; x_wconf 84' lang='lat' dir='ltr'>cohaerentia</span> <span class='ocrx_word' id='word_1_149' title='bbox 1279 3192 1350 3252; x_wconf 92' lang='lat' dir='ltr'>pos-</span> 
     </span>
     <span class='ocr_line' id='line_1_25' title="bbox 268 3276 1345 3359; baseline -0.004 -21"><span class='ocrx_word' id='word_1_150' title='bbox 268 3279 323 3358; x_wconf 89' lang='lat' dir='ltr'>sit,</span> <span class='ocrx_word' id='word_1_151' title='bbox 350 3288 381 3338; x_wconf 90' lang='lat' dir='ltr'>et</span> <span class='ocrx_word' id='word_1_152' title='bbox 394 3278 480 3340; x_wconf 90' lang='lat' dir='ltr'>hiatu</span> <span class='ocrx_word' id='word_1_153' title='bbox 496 3277 677 3358; x_wconf 76' lang='lat' dir='ltr'>syllabaque</span> <span class='ocrx_word' id='word_1_154' title='bbox 693 3278 818 3359; x_wconf 89' lang='lat' dir='ltr'>ancipiti</span> <span class='ocrx_word' id='word_1_155' title='bbox 832 3279 1023 3358; x_wconf 86' lang='lat' dir='ltr'>interrumpi.</span> <span class='ocrx_word' id='word_1_156' title='bbox 1058 3279 1096 3339; x_wconf 90' lang='lat' dir='ltr'>Vt</span> <span class='ocrx_word' id='word_1_157' title='bbox 1111 3276 1196 3356; x_wconf 90' lang='lat' dir='ltr'>apud</span> <span class='ocrx_word' id='word_1_158' title='bbox 1211 3278 1345 3338; x_wconf 90' lang='lat' dir='ltr'>Plautum</span> 
     </span>
     <span class='ocr_line' id='line_1_26' title="bbox 267 3379 615 3462; baseline 0.003 -21"><span class='ocrx_word' id='word_1_159' title='bbox 267 3379 379 3462; x_wconf 78' lang='lat' dir='ltr'>Amph.</span> <span class='ocrx_word' id='word_1_160' title='bbox 400 3383 421 3442; x_wconf 95' lang='lat' dir='ltr'>l.</span> <span class='ocrx_word' id='word_1_161' title='bbox 444 3384 472 3460; x_wconf 89' lang='lat' dir='ltr'>l,</span> <span class='ocrx_word' id='word_1_162' title='bbox 494 3385 543 3444; x_wconf 83' lang='lat'>35.</span> <span class='ocrx_word' id='word_1_163' title='bbox 565 3385 615 3443; x_wconf 78' lang='grc'>39.</span> 
     </span>
    </p>
   </div>
   <div class='ocr_carea' id='block_1_11' title="bbox 305 3501 1199 3688">
    <p class='ocr_par' dir='ltr' id='par_1_14' title="bbox 305 3501 1199 3688">
     <span class='ocr_line' id='line_1_27' title="bbox 356 3501 1199 3584; baseline 0 -22"><span class='ocrx_word' id='word_1_164' title='bbox 356 3503 521 3584; x_wconf 73' lang='lat' dir='ltr'>quintillia</span> <span class='ocrx_word' id='word_1_165' title='bbox 539 3502 673 3564; x_wconf 75' lang='lat' dir='ltr'>Thebani</span> <span class='ocrx_word' id='word_1_166' title='bbox 685 3503 773 3582; x_wconf 81' lang='lat' dir='ltr'>poplo</span> <span class='ocrx_word' id='word_1_167' title='bbox 789 3537 807 3546; x_wconf 92' lang='lat'>-</span> <span class='ocrx_word' id='word_1_168' title='bbox 825 3502 934 3564; x_wconf 84' lang='lat' dir='ltr'>ace&#39;rba</span> <span class='ocrx_word' id='word_1_169' title='bbox 951 3502 1055 3563; x_wconf 86' lang='lat' dir='ltr'>obiecit</span> <span class='ocrx_word' id='word_1_170' title='bbox 1072 3501 1199 3581; x_wconf 79' lang='lat' dir='ltr'>salucra,</span> 
     </span>
     <span class='ocr_line' id='line_1_28' title="bbox 305 3605 1185 3688; baseline -0.001 -22"><span class='ocrx_word' id='word_1_171' title='bbox 305 3609 307 3612; x_wconf 82' lang='grc'><strong>’</strong></span> <span class='ocrx_word' id='word_1_172' title='bbox 359 3607 481 3688; x_wconf 79' lang='lat' dir='ltr'>rapique</span> <span class='ocrx_word' id='word_1_173' title='bbox 500 3606 634 3668; x_wconf 78' lang='lat' dir='ltr'>Thebano</span> <span class='ocrx_word' id='word_1_174' title='bbox 652 3607 772 3667; x_wconf 82' lang='lat' dir='ltr'>Creonti</span> <span class='ocrx_word' id='word_1_175' title='bbox 784 3609 912 3688; x_wconf 74' lang='lat' dir='ltr'>re&#39;pnum</span> <span class='ocrx_word' id='word_1_176' title='bbox 927 3605 1073 3668; x_wconf 78' lang='lat' dir='ltr'>stabilivit</span> <span class='ocrx_word' id='word_1_177' title='bbox 1086 3623 1185 3668; x_wconf 82' lang='lat' dir='ltr'>suum.</span> 
     </span>
    </p>
   </div>
   <div class='ocr_carea' id='block_1_12' title="bbox 266 3724 1347 3910">
    <p class='ocr_par' dir='ltr' id='par_1_15' title="bbox 266 3724 1347 3910">
     <span class='ocr_line' id='line_1_29' title="bbox 266 3724 1347 3807; baseline -0.003 -20"><span class='ocrx_word' id='word_1_178' title='bbox 266 3729 410 3787; x_wconf 82' lang='lat' dir='ltr'>inventor</span> <span class='ocrx_word' id='word_1_179' title='bbox 425 3735 670 3806; x_wconf 84' lang='lat' dir='ltr'>asynartetorum</span> <span class='ocrx_word' id='word_1_180' title='bbox 687 3735 813 3807; x_wconf 91' lang='lat' dir='ltr'>putatur</span> <span class='ocrx_word' id='word_1_181' title='bbox 828 3724 1026 3788; x_wconf 84' lang='lat' dir='ltr'>Archilochus</span> <span class='ocrx_word' id='word_1_182' title='bbox 1041 3725 1155 3805; x_wconf 86' lang='lat' dir='ltr'>luisse,</span> <span class='ocrx_word' id='word_1_183' title='bbox 1182 3746 1244 3788; x_wconf 91' lang='lat' dir='ltr'>uno</span> <span class='ocrx_word' id='word_1_184' title='bbox 1261 3743 1347 3788; x_wconf 87' lang='lat' dir='ltr'>versu</span> 
     </span>
     <span class='ocr_line' id='line_1_30' title="bbox 267 3827 1346 3910; baseline -0.003 -19"><span class='ocrx_word' id='word_1_185' title='bbox 267 3829 345 3891; x_wconf 91' lang='lat' dir='ltr'>duos</span> <span class='ocrx_word' id='word_1_186' title='bbox 361 3832 565 3908; x_wconf 84' lang='lat' dir='ltr'>coniungens,</span> <span class='ocrx_word' id='word_1_187' title='bbox 593 3831 679 3892; x_wconf 90' lang='lat' dir='ltr'>hiatu</span> <span class='ocrx_word' id='word_1_188' title='bbox 698 3840 729 3893; x_wconf 89' lang='lat' dir='ltr'>et</span> <span class='ocrx_word' id='word_1_189' title='bbox 750 3830 869 3910; x_wconf 85' lang='lat' dir='ltr'>syllaba</span> <span class='ocrx_word' id='word_1_190' title='bbox 885 3830 1009 3908; x_wconf 92' lang='lat' dir='ltr'>ancipiti</span> <span class='ocrx_word' id='word_1_191' title='bbox 1027 3831 1060 3890; x_wconf 88' lang='lat' dir='ltr'>in</span> <span class='ocrx_word' id='word_1_192' title='bbox 1075 3832 1275 3893; x_wconf 86' lang='lat' dir='ltr'>commissura</span> <span class='ocrx_word' id='word_1_193' title='bbox 1290 3827 1346 3890; x_wconf 92' lang='lat' dir='ltr'>ad-</span> 
     </span>
    </p>
   </div>
   <div class='ocr_carea' id='block_1_13' title="bbox 268 3911 1422 4118">
    <p class='ocr_par' dir='ltr' id='par_1_16' title="bbox 268 3911 1422 4118">
     <span class='ocr_line' id='line_1_31' title="bbox 268 3911 1390 4014; baseline -0.004 -22"><span class='ocrx_word' id='word_1_194' title='bbox 268 3933 380 3994; x_wconf 89' lang='lat' dir='ltr'>missis.</span> <span class='ocrx_word' id='word_1_195' title='bbox 422 3931 505 3994; x_wconf 90' lang='lat' dir='ltr'>ldem</span> <span class='ocrx_word' id='word_1_196' title='bbox 536 3952 576 3994; x_wconf 93' lang='lat' dir='ltr'>an</span> <span class='ocrx_word' id='word_1_197' title='bbox 606 3933 728 3995; x_wconf 88' lang='lat' dir='ltr'>eosdem</span> <span class='ocrx_word' id='word_1_198' title='bbox 757 3953 867 3997; x_wconf 88' lang='lat' dir='ltr'>versus</span> <span class='ocrx_word' id='word_1_199' title='bbox 893 3935 985 3996; x_wconf 88' lang='lat' dir='ltr'>etiam</span> <span class='ocrx_word' id='word_1_200' title='bbox 1012 3942 1194 4014; x_wconf 84' lang='lat' dir='ltr'>perpetuata</span> <span class='ocrx_word' id='word_1_201' title='bbox 1224 3933 1351 3996; x_wconf 89' lang='lat' dir='ltr'>oratione</span> <span class='ocrx_word' id='word_1_202' title='bbox 1385 3911 1390 3926; x_wconf 65' lang='grc'><strong>’</strong></span> 
     </span>
     <span class='ocr_line' id='line_1_32' title="bbox 268 4036 1422 4118; baseline -0.005 -21"><span class='ocrx_word' id='word_1_203' title='bbox 268 4036 428 4116; x_wconf 87' lang='lat' dir='ltr'>divisoque</span> <span class='ocrx_word' id='word_1_204' title='bbox 450 4037 529 4097; x_wconf 91' lang='lat' dir='ltr'>inter</span> <span class='ocrx_word' id='word_1_205' title='bbox 551 4045 715 4116; x_wconf 90' lang='lat' dir='ltr'>utramque</span> <span class='ocrx_word' id='word_1_206' title='bbox 736 4047 857 4118; x_wconf 89' lang='lat' dir='ltr'>partem</span> <span class='ocrx_word' id='word_1_207' title='bbox 872 4037 1025 4100; x_wconf 89' lang='lat' dir='ltr'>vocabulo</span> <span class='ocrx_word' id='word_1_208' title='bbox 1041 4036 1229 4116; x_wconf 85' lang='lat' dir='ltr'>condiderit,</span> <span class='ocrx_word' id='word_1_209' title='bbox 1256 4037 1350 4096; x_wconf 76' lang='lat' dir='ltr'>incer·</span> <span class='ocrx_word' id='word_1_210' title='bbox 1421 4089 1422 4104; x_wconf 69' lang='lat'>,</span> 
     </span>
    </p>
   </div>
   <div class='ocr_carea' id='block_1_14' title="bbox 268 4138 1350 4326">
    <p class='ocr_par' dir='ltr' id='par_1_17' title="bbox 268 4138 1350 4326">
     <span class='ocr_line' id='line_1_33' title="bbox 268 4138 1350 4222; baseline -0.006 -19"><span class='ocrx_word' id='word_1_211' title='bbox 268 4150 351 4203; x_wconf 87' lang='lat' dir='ltr'>tum:</span> <span class='ocrx_word' id='word_1_212' title='bbox 377 4138 485 4201; x_wconf 88' lang='lat' dir='ltr'>dubito</span> <span class='ocrx_word' id='word_1_213' title='bbox 508 4148 621 4204; x_wconf 89' lang='lat' dir='ltr'>autem.</span> <span class='ocrx_word' id='word_1_214' title='bbox 656 4143 765 4222; x_wconf 88' lang='lat' dir='ltr'>Metra,</span> <span class='ocrx_word' id='word_1_215' title='bbox 792 4161 873 4222; x_wconf 74' lang='lat' dir='ltr'>quare</span> <span class='ocrx_word' id='word_1_216' title='bbox 896 4141 937 4204; x_wconf 88' lang='lat' dir='ltr'>ab</span> <span class='ocrx_word' id='word_1_217' title='bbox 959 4141 1183 4222; x_wconf 89' lang='lat' dir='ltr'>Hephaestione</span> <span class='ocrx_word' id='word_1_218' title='bbox 1205 4149 1241 4202; x_wconf 93' lang='lat' dir='ltr'>ut</span> <span class='ocrx_word' id='word_1_219' title='bbox 1260 4155 1350 4217; x_wconf 88' lang='lat' dir='ltr'>asyn-</span> 
     </span>
     <span class='ocr_line' id='line_1_34' title="bbox 273 4243 871 4326; baseline 0.005 -23"><span class='ocrx_word' id='word_1_220' title='bbox 273 4251 370 4306; x_wconf 86' lang='lat' dir='ltr'>arteta</span> <span class='ocrx_word' id='word_1_221' title='bbox 388 4251 675 4326; x_wconf 67' lang='lat' dir='ltr'>rememorantur,</span> <span class='ocrx_word' id='word_1_222' title='bbox 698 4243 773 4306; x_wconf 87' lang='lat' dir='ltr'>haec</span> <span class='ocrx_word' id='word_1_223' title='bbox 788 4254 871 4307; x_wconf 90' lang='lat' dir='ltr'>sunt.</span> 
     </span>
    </p>
   </div>
   <div class='ocr_carea' id='block_1_15' title="bbox 0 0 1467 4948">
    <p class='ocr_par' dir='ltr' id='par_1_18' title="bbox 0 0 1467 4948">
     <span class='ocr_line' id='line_1_35' title="bbox 0 0 1467 4948; baseline 0 0"><span class='ocrx_word' id='word_1_224' title='bbox 0 0 1467 4948; x_wconf 95' lang='lat' dir='ltr'> </span> 
     </span>
    </p>
   </div>
  </div>
 </body>
</html>
