2896 4960
414 401 452 448 nn
466 403 671 448 umamsuicis
686 401 833 448 cinnam.
1111 380 1169 444 ¹27

172 552 289 637 5381.
323 559 529 622 Romanorum
551 566 671 620 veteres
693 558 822 638 tragicos
844 557 978 638 legitima
1003 563 1170 635 systemata

85 660 196 723 eadem
219 662 341 722 numeri
362 664 585 742 perpetuitate,
612 671 648 724 ut
669 662 817 742 Graecos,
842 658 1015 722 condidisse
1037 657 1172 720 ostendit

82 763 243 826 Bentleius
257 765 290 826 in
305 765 434 846 epistola
448 764 489 827 ad
503 765 630 830 llillium
644 785 676 848 p.
689 763 760 827 ili.
780 763 830 826 ed.
847 765 927 842 Lips.
939 761 1040 825 Attius
1055 761 1171 824 inl'hi-

79 867 214 930 locteta:

172 1005 222 1068 tei
235 1006 304 1088 qula
318 1005 407 1070 socc
420 1005 557 1086 flantibus
572 1005 694 1070 mandet

171 1127 219 1171 me
234 1129 277 1171 ecc
292 1106 416 1171 sublimi
427 1110 538 1172 vertice
552 1111 652 1172 sumi?

171 1213 298 1274 iamiam
313 1210 474 1274 absumor:
492 1211 613 1293 conficit
627 1213 761 1274 ocimum

213 1317 261 1377 vis
275 1314 415 1393 volucria,
433 1315 546 1377 ulceris
561 1317 673 1378 attus.

81 1453 164 1514 Vsus
179 1450 239 1513 hoo
254 1469 364 1531 genere
379 1461 427 1515 est
441 1453 532 1515 etiam
547 1451 689 1530 Plautus,
708 1449 764 1514 sed
780 1452 896 1513 minore
911 1450 1069 1532 elegantia,
1089 1459 1119 1512 et
1134 1460 1169 1513 ut

85 1555 253 1616 solutiones
270 1555 393 1617 crebras
413 1555 605 1636 admitteret,
625 1557 754 1636 ipsoque
769 1557 801 1617 in
821 1555 1010 1636 paroemiaoo
1028 1555 1167 1616 ultimam

87 1661 166 1722 arsin
181 1659 303 1720 solvere
324 1678 385 1720 non
400 1659 571 1739 dubitaret,
597 1667 632 1722 ut
646 1660 678 1720 in
690 1658 794 1722 Sticho
809 1659 831 1719 l.
849 1661 877 1721 l.
897 1657 936 1720 de
951 1676 1012 1738 qua
1028 1676 1119 1718 scena
1134 1677 1163 1718 v.

85 1762 181 1824 Elem.
202 1761 233 1824 d.
253 1780 294 1824 m.
313 1781 345 1844 p.
365 1765 436 1825 aot.
456 1782 521 1844 seq.

168 1901 285 1980 placet:
304 1901 398 1962 tdoeo.
417 1907 449 1962 at
462 1899 633 1962 numitoris
647 1900 750 1982 socio

88 2036 175 2100 ldem
194 2046 283 2118 poeta
305 2037 363 2099 hoc
381 2055 479 2117 genus
499 2057 647 2101 versuum
675 2040 766 2100 etiam
789 2037 857 2100 aliis
881 2040 986 2102 metris
1008 2038 1168 2102 miscuisse

92 2137 225 2220 videtur,
252 2139 291 2202 de
307 2159 368 2220 qua
383 2159 416 2202 re
432 2141 547 2205 ibidem
563 2139 690 2204 dictum.
724 2143 759 2202 ln
780 2140 942 2221 tragoediis
957 2143 1090 2206 Senecae
1106 2141 1168 2206 ad-

89 2243 205 2324 scriptis
219 2262 313 2324 saepe
328 2251 494 2323 systemata
515 2263 556 2306 ex
571 2244 709 2307 dimetais
729 2246 932 2324 anapaesticis
954 2247 1163 2323 inveniuntur,

83 2344 141 2408 sed
155 2347 291 2408 carenda
301 2349 502 2430 paroemiaoo,
521 2347 606 2428 quod
620 2348 769 2430 insignem
782 2349 933 2412 inscitiam
948 2349 1075 2410 istorum
1087 2368 1167 2429 poe-

82 2458 185 2512 tarum
202 2451 312 2532 angant.

166 2688 285 2773 §382
312 2693 436 2755 Plautus
458 2691 550 2755 etiam
572 2692 747 2774 anapaestis
770 2692 943 2774 spondiaois
965 2711 1043 2756 usus
1064 2703 1112 2755 est
1133 2695 1165 2754 in

86 2796 184 2858 Sticho
200 2797 235 2857 ll.
258 2799 285 2876 l,
306 2797 356 2859 37.

167 2933 284 3017 aperto
300 2942 389 3016 atque
404 2937 614 3017 approperate,
633 2934 716 3016 sores

167 3035 262 3116 focile
276 3035 309 3098 tt
320 3045 455 3120 pateant,
473 3043 619 3101 removete
633 3057 759 3102 morum.

166 3144 257 3204 nimis
272 3140 345 3202 lodc
359 3159 408 3203 res
423 3143 487 3202 sinc
503 3143 582 3204 cord
595 3144 731 3224 peritur:

166 3245 239 3308 vide
254 3246 346 3326 qudm
362 3243 478 3306 dudum
493 3244 540 3307 lu'c
554 3245 640 3308 adsto
655 3249 683 3308 et
693 3247 787 3329 pulte.

166 3349 306 3411 comatae
321 3367 443 3429 operum
458 3349 560 3410 dotis?
575 3351 734 3430 ἀτροφίαν,

166 3451 262 3534 sores,
280 3452 320 3514 dn
336 3450 437 3532 cubiti,
456 3471 495 3514 on
509 3451 599 3534 pedes
610 3450 679 3534 pltls
694 3452 826 3514 vocant.

166 3556 258 3618 nimio
271 3553 376 3618 vellem
391 3555 447 3616 hoe
462 3552 546 3634 foros
562 3555 667 3617 torum
683 3553 840 3636 fugassent,

166 3679 206 3722 eo
220 3656 330 3722 cadeso
345 3666 379 3721 ut
393 3657 537 3722 bolmont
550 3659 666 3720 motum
681 3675 833 3742 magnum.

210 3761 349 3843 defessus
363 3778 431 3828 tum
440 3761 600 3844 pultdcdo.

210 3883 290 3928 nunc
303 3865 357 3928 ltdc
368 3872 553 3948 postremum
568 3874 613 3929 est
626 3863 718 3927 vobio.

199 3969 247 4030 tl.
268 3968 315 4030 ibo
330 3971 420 4051 atque
435 3969 514 4031 hunc
528 3967 721 4049 compellato.

212 4074 314 4136 colcos
327 4073 381 4136 sis.
413 4073 452 4134 D.
470 4081 498 4134 et
512 4079 544 4134 to
558 4073 652 4136 sellae.

214 4177 249 4236 G.
268 4177 330 4241 iam
346 4174 378 4238 td
388 4177 525 4258 piscator
538 4173 675 4255 sdctu’s?

216 4279 253 4340 D.
272 4296 364 4359 quom
377 4278 499 4360 pridem
512 4297 571 4340 non
587 4277 672 4340 edisti
680 4280 695 4340 l
