2896 4960
655 361 711 402 tut.
731 361 762 402 11.
790 359 852 401 GAP.
871 357 947 400 xm.
1017 368 1019 377 ¹

659 623 772 692 cAP.
789 621 940 692 xm.

483 794 542 865 De
568 791 874 886 anapaesticis
901 790 1115 862 dimetria.

345 977 461 1062 5363.
490 980 684 1044 Continuatio
700 973 975 1060 numeni‘feiusdcm
991 993 1047 1058 per
1062 985 1230 1056 systemata
1247 995 1345 1058 quum

259 1087 291 1146 in
314 1084 458 1147 omnibus
479 1086 632 1164 numeris,
661 1093 726 1146 tum
748 1083 881 1144 maxime
897 1081 929 1141 in
944 1082 1138 1161 anapaestico
1153 1082 1345 1143 scenicorum

259 1187 419 1270 poetarum
434 1188 556 1270 propu'a
572 1195 629 1249 est.
660 1188 740 1247 llaec
756 1185 947 1262 anapaestica
963 1192 1141 1265 systemata,
1160 1202 1245 1246 nunc
1260 1185 1346 1245 anti-

260 1292 413 1372 strophica
428 1301 516 1370 sunt,
541 1308 626 1352 nuno
640 1307 702 1350 non
718 1289 950 1370 antistrophica:
976 1307 1060 1349 nunc
1075 1289 1181 1350 Dorica
1201 1286 1343 1368 dialecto,

160 1426 163 1434 =
259 1413 344 1457 nunc
359 1396 529 1474 communi,
556 1411 641 1455 nunc
655 1393 826 1472 promiscae
840 1400 973 1473 utraque
988 1393 1112 1474 scripta.
1145 1394 1227 1454 Sunt
1241 1401 1345 1454 autem

260 1499 320 1560 alia
335 1505 502 1579 systemata
519 1497 669 1576 legitima,
696 1514 776 1576 quae
796 1497 947 1559 finiuntur
970 1517 1061 1559 versu
1077 1496 1265 1578 catalectico,
1292 1499 1346 1576 qui

259 1602 522 1683 paroemiacus
548 1609 689 1679 vocatur;
720 1598 779 1662 alia
800 1619 861 1684 non
884 1600 1034 1681 legitima,
1063 1619 1143 1681 quae
1169 1599 1344 1692 liberiorem

260 1702 529 1766 conformationem
552 1703 683 1766 habeut:
716 1713 747 1768 et
772 1705 849 1765 haec
872 1703 1057 1785 plerumque
1082 1705 1190 1766 Dotica
1214 1703 1344 1768 dialecto

260 1807 373 1888 scripta
389 1814 472 1870 sunt.

345 2046 370 2128 ἦ
391 2043 470 2113 364.
510 2050 545 2109 ln
574 2048 716 2128 legitimis
746 2049 921 2127 systematis
946 2052 1182 2132 peipetuitatem
1207 2053 1340 2131 numeni,

260 2152 480 2233 exclusamque
495 2170 513 2212 a
528 2151 589 2212 fine
604 2169 751 2214 versuum
773 2151 925 2232 syllabam
941 2155 1106 2234 ancipitem
1127 2156 1248 2235 primus
1271 2157 1344 2216 ani·
1430 2159 1431 2180 ¹

261 2256 425 2318 madvertit
440 2253 594 2316 Bentleius
609 2255 641 2315 in
662 2257 750 2335 epist.
769 2254 810 2317 ad
824 2255 950 2316 Millium
970 2265 1000 2318 et
1021 2256 1096 2319 diss
1116 2256 1154 2319 de
1169 2258 1339 2320 Phalaride.

261 2362 369 2424 Cetera
390 2366 571 2440 persecutus
594 2368 641 2420 est
656 2359 806 2420 Ponsonus
827 2358 860 2418 in
881 2357 976 2440 praef.
996 2358 1037 2421 ad
1060 2361 1132 2422 Hac.
1149 2379 1181 2440 p.
1203 2363 1252 2426 tt.
1274 2381 1338 2442 seq.

260 2467 455 2545 Quamquam
477 2463 578 2525 hiatus
600 2472 631 2524 ct
651 2462 770 2542 syllaba
792 2461 912 2544 brevis,
937 2481 1016 2543 quaa
1039 2463 1166 2543 quidem
1181 2466 1342 2528 inconso-

260 2576 385 2629 nantem
402 2575 500 2645 exeat,
518 2565 674 2629 interdum
690 2567 721 2626 in
736 2567 797 2627 line
812 2585 932 2647 versus
953 2568 1009 2629 ubi
1024 2569 1073 2628 vel
1087 2587 1219 2649 persona
1235 2581 1341 2632 muta-

261 2681 328 2752 tur,
354 2672 403 2733 vel
424 2671 494 2732 finis
515 2671 686 2731 sententiae
707 2679 769 2749 est,
795 2670 931 2733 admissa
951 2673 1115 2734 invenitur.
1148 2673 1225 2734 Vide
1246 2675 1337 2754 Soph.

260 2773 338 2836 Oed.
358 2775 391 2839 G.
413 2776 484 2835 t39.
506 2775 577 2836 tta.
598 2775 670 2835 470.
692 2776 763 2836 ⁴73.
795 2775 902 2855 Eurip.
922 2777 993 2836 Hac.
1013 2777 1064 2838 82.
1097 2775 1207 2838 Aesch.
1233 2775 1335 2858 Agam.

262 2880 334 2940 803.
367 2878 542 2957 Pariterque
563 2878 666 2939 hiatus
685 2878 718 2937 in
732 2877 952 2941 exclamatione
974 2888 1005 2942 et
1023 2880 1204 2942 allocutione
1219 2883 1338 2944 veniam

173 3059 175 3064 ι
260 2980 365 3044 habet.
391 2977 501 3042 Aesch.
521 2978 576 3061 Ag.
597 2981 690 3042 tatu.

350 3093 390 3164 ίώ
411 3101 464 3186 γᾶ,
487 3101 541 3184 γᾶ,
564 3089 639 3164 είθε
660 3090 694 3181 μ’
718 3094 793 3180 tat&
821 3148 829 3163 .

262 3224 354 3306 Soph.
373 3220 450 3285 Oed.
470 3223 504 3287 C.
525 3223 597 3285 t80.

348 3333 408 3428 ίίγο
428 3343 485 3406 νῦν
506 3335 545 3407 σύ
567 3364 620 3424 με,
643 3342 720 3424 παῖ,

349 3439 389 3512 ἵν’
413 3437 454 3510 tte
475 3439 629 3530 εὐσεβίας
651 3441 888 3531 ἐπιβαίνοντες.

261 3571 421 3652 Nusquam
437 3587 510 3632 vero
525 3571 684 3634 Creticum·
694 3573 727 3632 in
742 3569 927 3634 fine'versus
942 3572 1015 3651 poni
1029 3571 1155 3634 licitum.
1241 3556 1245 3566 ¹

347 3807 468 3893 5365.
501 3811 580 3874 Eum
603 3813 736 3891 hiatum,
762 3815 816 3892 qui
837 3813 872 3874 fit
890 3813 977 3894 longa
999 3815 1095 3876 vocali
1117 3814 1337 3895 diphthongove

263 3925 333 3978 ante
354 3915 491 3977 vocalem
514 3914 720 3996 corripienda,
750 3934 811 3977 non
833 3918 924 3978 nimis
948 3937 1016 3980 raro
1039 3919 1186 3981 invenias.
1227 3917 1332 3981 Aesch.

263 4020 344 4082 Pers.
364 4023 415 4081 39.
437 4019 508 4080 tta.

348 4135 407 4203 καὶ
428 4131 620 4222 ἑλειοβάται
641 4141 731 4204 ναῶν
753 4123 891 4225 ἐρέται.Ι

349 4238 543 4308 ποθέουσαι
566 4238 650 4308 tuoto
672 4235 869 4332 ἀρτιζυγίαν.
