2896 4960
437 391 473 434 llll
489 389 622 434 vacatura
637 389 866 436 annenmnrltls.

197 539 314 624 5433.
348 542 410 606 Sed
425 544 571 624 qnoniam
585 543 662 606 haec
677 542 791 606 forma:

197 653 372 702 υέυ..υ.’.υ

103 767 227 849 pariter
241 787 281 832 ex
295 769 394 829 lonico
409 769 531 832 numeri
546 765 659 830 deduci
673 775 790 848 potest,
809 775 903 848 atquc
917 787 957 830 ex
971 768 1194 831 choriambico:

196 877 369 928 Luem-u

102 989 193 1072 quod
208 1002 342 1055 metrum
364 1009 599 1074 nonnumquam
621 993 653 1053 in
675 990 826 1074 farragine
845 993 905 1055 ista
920 994 1092 1056 carminum
1107 991 1197 1056 Ana-

102 1097 332 1160 creonticorum
358 1097 528 1176 invenitur,
557 1095 749 1177 cavendum,
778 1116 819 1159 ne
845 1097 928 1158 hunc
954 1096 1195 1160 choriambicum

102 1207 255 1281 putemus
276 1219 348 1262 cum
363 1201 464 1263 lonico
478 1201 660 1262 commutari
675 1217 776 1282 posse.
810 1199 906 1261 lmmo
921 1202 1066 1281 quoniam
1084 1219 1196 1280 magna

102 1321 180 1385 pars
196 1305 367 1366 carminum
383 1301 672 1366 Anacreonticorum
694 1303 939 1384 monostrophica
961 1313 1010 1367 est
1033 1304 1072 1388 (ν.
1091 1303 1190 1367 Elem.

103 1405 137 1468 d.
159 1425 201 1468 m.
220 1425 252 1486 p.
275 1405 346 1468 479.
365 1405 482 1489 seqq),
512 1425 597 1470 nunc
619 1425 660 1469 ex
681 1425 743 1469 uno
765 1426 876 1488 genere
897 1425 1024 1488 versus,
1049 1427 1133 1471 nunc
1155 1427 1195 1470 ex

102 1508 256 1589 diversis,
282 1529 344 1572 non
366 1520 413 1572 est
435 1508 659 1592 dubitandum,
684 1512 760 1591 quin
782 1510 1007 1574 choriambicus
1029 1513 1087 1574 iste
1109 1521 1194 1575 stro-

101 1614 239 1696 pharum
254 1613 403 1676 indicinm
418 1614 523 1694 iaciat,
549 1623 580 1678 et
594 1630 722 1693 prorsus
737 1615 777 1676 sit
791 1614 833 1676 ab
847 1615 955 1677 Ionicis
969 1614 1190 1698 segregandus.

101 1717 252 1780 Distinxit
273 1717 415 1798 strophas
437 1718 469 1780 in
491 1720 557 1780 suis
578 1714 859 1781 Anacreontccrom
886 1721 1058 1782 carminum
1079 1717 1193 1782 editio-

100 1819 202 1884 nibus
224 1822 272 1882 Fr.
291 1821 508 1884 llehlhornius.
541 1821 622 1884 Sunt
639 1821 709 1884 illae
730 1821 916 1904 plerumque
931 1832 1135 1905 quaternum,
1161 1822 1194 1884 in

101 1922 173 1988 aliis
188 1932 322 2004 ternum,
341 1926 372 1988 in
388 1925 455 1990 aliis
470 1927 603 2007 quinum
617 1943 776 1990 versuum.

191 2128 308 2212 3434.
336 2134 370 2194 ln
385 2132 437 2195 illo
451 2151 563 2214 genere
574 2151 686 2196 versus
697 2131 909 2215 Anacreontei,
925 2134 1010 2214 quod
1024 2133 1191 2195 iambicum

100 2243 166 2315 cst,
188 2236 391 2316 imperitiores
406 2245 530 2318 poetae,
555 2246 592 2300 ut
605 2235 731 2317 quidam
747 2238 779 2299 in
794 2237 970 2299 collectione
986 2233 1192 2298 Anacreonti-

102 2356 228 2419 corum,
261 2349 292 2403 et
317 2341 481 2421 Gregorius
507 2341 720 2404 Nazianzenus
746 2359 783 2402 ac
803 2341 916 2403 Paulus
943 2341 1133 2402 Silentiarius
1159 2341 1191 2399 in

101 2442 249 2504 Brunckii
264 2439 418 2506 Analectis
441 2446 475 2506 T.
495 2445 543 2507 lll.
563 2463 593 2527 p.
615 2445 665 2507 94.
685 2463 741 2524 pro
763 2445 851 2506 tertio
866 2443 968 2506 iambo
983 2445 1075 2506 etiarn
1091 2460 1190 2521 spon-

101 2542 197 2607 deum
212 2555 400 2626 posuerunt:

188 2648 305 2740 βούλει
326 2657 463 2738 μαθεῖν,
487 2646 661 2743 ἄνθρωπε,

188 2761 326 2845 θερμῶν
347 2748 482 2840 ἷιίεχνον
504 2763 620 2848 ῥεῦμα.

102 2881 202 2942 Prima
217 2882 295 2944 arsis
311 2880 466 2945 interdum
481 2883 620 2947 solvitur.
647 2885 765 2948 XXVll.
787 2885 815 2945 l.

187 2993 249 3056 τοῦ
270 2987 356 3070 Διὸς
378 2988 397 3057 ὁ
420 2993 515 3076 παῖς,
538 2986 557 3058 ὁ
579 2988 721 3088 Βάκχος.

187 3199 302 3282 5435.
329 3203 466 3266 lonicum
481 3222 588 3285 geum,
610 3204 727 3285 quoda
743 3204 895 3285 disyllaba
911 3206 1053 3266 anacrusi
1069 3204 1185 3286 incipit,

100 3307 249 3368 usitatum
266 3306 344 3368 illud
358 3310 450 3370 etiarn
466 3309 588 3389 tragicis
604 3317 635 3370 et
649 3310 787 3389 comicis,
814 3309 845 3370 in
868 3309 985 3388 aliquot
999 3309 1188 3372 carminibus

98 3409 282 3474 Anacreonti
305 3411 469 3492 adscriptis
489 3429 546 3494 per
567 3429 663 3492 puros
685 3410 803 3473 iambos
824 3409 972 3494 procedit.
1006 3413 1085 3474 Raro
1107 3430 1188 3474 ana-

59 3575 62 3580 .
99 3517 200 3577 crusis
216 3516 248 3576 in
263 3534 358 3578 unam
373 3516 495 3595 longam
510 3515 716 3578 contrahitur:
743 3516 790 3577 Vl.
813 3518 862 3578 16.

185 3625 299 3707 κῶμον
318 3621 449 3708 μέτεισι
469 3617 604 3713 χαίρων.

185 3830 309 3914 5436.
361 3833 424 3896 Nec
453 3834 562 3898 solutio
591 3836 710 3915 primae
739 3853 843 3900 arseos
872 3836 1030 3920 frequens
1048 3845 1111 3918 ost,
1152 3847 1188 3902 ut

100 3938 201 4000 XLlll.
224 3941 253 4000 8.

185 4042 225 4112 σύ
249 4041 288 4112 δὲ
309 4040 425 4134 φίλιος
446 4023 478 4113 εἷ
499 4051 659 4135 γεωργῶν.

99 4157 162 4224 Auo
176 4159 342 4242 secundae,
361 4169 397 4223 ut
411 4163 558 4225 XXXVII.
580 4167 609 4225 6.

184 4262 249 4361 ἰ’δε,
275 4266 508 4366 maleplacens
530 4265 650 4347 ὁδεύει,
