2896 4960
447 392 482 432 σε
498 391 630 434 rsasravs
647 389 820 433 otrcousts.
1116 371 1174 434 169

168 546 194 626 ξ
209 542 288 610 467.
315 548 349 606 ln
360 546 557 608 Pherecratco
571 556 675 608 autem
690 564 792 624 versu,
811 547 837 606 si
853 565 892 606 ox
904 547 1010 625 paucis
1023 546 1174 626 cuonrplis

74 653 292 712 coniecturam
309 649 408 710 lacero
424 650 505 728 licet,
526 650 674 712 usitatiori
690 649 806 710 lormae
897 707 901 714 .

182 773 203 823 ,ζ
228 772 247 823 f,
272 765 411 854 ’.ἴω-ὖ

73 878 175 938 otiam
193 876 288 936 altaro
301 873 399 937 videri
414 884 516 955 potest
530 874 717 955 respondero

171 991 345 1042 Lw-v-U

73 1100 115 1164 llt
133 1121 200 1162 non
215 1109 290 1181 puto
306 1100 363 1160 hoc
379 1100 441 1162 ullo
453 1100 537 1180 quod
549 1111 667 1166 carlum
679 1105 719 1164 sit
728 1075 870 1180 oxonrplo
881 1099 1054 1160 confirmari
1068 1119 1168 1179 posso.

72 1205 170 1278 Quod
188 1206 218 1264 in
235 1204 393 1284 Sophoclis
409 1203 559 1284 Antigona
578 1227 606 1266 v.
627 1211 699 1268 607.
719 1205 829 1266 leviter
851 1211 1001 1266 mutatum
1022 1201 1082 1263 huc
1104 1211 1173 1264 tra-

73 1321 162 1372 ctum
181 1318 257 1388 orat,
285 1297 353 1370 oiiv'
377 1297 546 1390 ᾂκάματοι
568 1310 659 1370 θεῶν
679 1309 789 1394 μῆνες,
807 1307 912 1370 multis
928 1316 977 1370 est
991 1307 1171 1369 coniecturis

73 1423 246 1491 tentatum,
265 1433 305 1474 cx
320 1411 436 1492 quihus
451 1413 535 1500 quod
550 1413 621 1474 olim
637 1413 771 1474 conieci:

167 1540 248 1612 οότε
272 1549 363 1614 θεῶν
384 1539 524 1635 όίκμητοι

73 1691 219 1753 omnium
243 1698 291 1750 ost
317 1689 512 1767 facillimum,
537 1709 636 1769 coquo
657 1689 867 1771 prohabiliuS‚
896 1689 980 1769 quod
1004 1691 1172 1769 Hesychius

74 1785 224 1878 άκμητεί
238 1795 457 1874 intorpretatur
472 1783 649 1873 άκαματεί.
681 1791 857 1873 Respondet
873 1813 901 1854 v.
923 1793 999 1854 618.

167 1923 276 1994 εἰδότι
298 1921 327 1992 δ’
351 1921 449 1994 ooth
470 1923 575 2014 ἕρπει.

76 2074 110 2132 lu
130 2068 290 2150 Euripidis
305 2068 409 2132 Medea
428 2069 499 2132 ⁴57.
522 2071 592 2131 l89.

165 2196 254 2282 Ζεός
276 2226 332 2270 σοι
353 2200 435 2270 τάδε
457 2199 655 2294 σονδικήσει.
677 2202 723 2294 μὴ
747 2201 832 2272 λίαν.

167 2313 314 2374 σπεῦσον
334 2305 373 2374 δέ
391 2332 425 2374 τι
445 2308 526 2395 πρὶν
546 2311 698 2374 κακῶσαι
721 2309 798 2386 τοὺς
821 2306 897 2392 ἔσω,

78 2453 140 2514 iam
157 2453 230 2512 olim
246 2451 447 2514 scribendum
463 2470 531 2514 assa
548 2452 663 2512 monui.

165 2692 189 2772 ὃ
204 2688 281 2756 468.
311 2695 398 2756 Nunc
413 2693 452 2755 do
468 2695 597 2774 singulis
614 2693 757 2772 partibus
769 2693 992 2771 Glyconoorum
1010 2705 1041 2756 ot
1056 2695 1171 2755 Phero-

78 2806 252 2858 crateorum
265 2796 426 2876 explicabo
461 2795 486 2858 Α
500 2797 586 2858 basi
603 2798 749 2860 exclusus
760 2797 957 2878 pyrrhichius
969 2796 1052 2879 apud
1066 2799 1170 2858 sconi-
1250 2855 1253 2861 .

77 2920 128 2962 cos
145 2909 177 2960 ot
191 2901 221 2959 iu
237 2902 375 2980 graviore
392 2902 476 2979 poesi
492 2902 596 2982 lyrica.
630 2903 738 2981 Neque
753 2901 877 2961 omnino
894 2920 965 2963 oum
981 2900 1092 2982 podem
1108 2920 1169 2962 us-

77 3023 173 3082 quam
191 3007 321 3084 roppori.
349 3005 469 3085 Reliqui
481 3004 577 3087 podes
588 3004 735 3086 disyllabi
746 3005 830 3086 apud
846 3007 983 3067 scenicos
994 3006 1167 3085 promiscue

77 3117 279 3187 usurpantur,
299 3115 335 3169 ut
346 3108 448 3188 quivis
461 3111 560 3170 cuivis
575 3108 770 3188 respoudeat.
797 3108 999 3171 Tribrachum
1015 3109 1166 3170 rocontior

78 3211 214 3272 maximo
229 3211 382 3292 tragoedia
400 3212 617 3291 frequentavit.
644 3214 750 3314 Eur'ip.
765 3215 878 3275 Phoen.
895 3214 968 3276 2l0.
995 3211 1056 3274 Sod
1074 3222 1165 3275 totam

77 3313 235 3394 stropham
251 3325 345 3394 atquo
360 3315 582 3395 antistropham
599 3318 700 3378 afferri
717 3327 870 3396 praestat:

236 3445 358 3535 Τύριον
379 3439 484 3532 οἶδμα
505 3444 640 3517 λιποδδ
658 3446 736 3533 ἔβαν
1035 3470 1103 3535 στρ.

234 3545 415 3638 ἀκροθίνια
435 3552 553 3644 Λοξίᾳ

288 3652 472 3734 Φοινίσσας
493 3651 562 3723 άπὸ
586 3652 688 3723 νάσου

287 3755 403 3846 Φοίβῳ
427 3756 532 3825 δοόλα
555 3756 747 3846 μελάθρων,

187 3870 204 3924 5
237 3856 277 3925 ἵν’
296 3858 365 3928 ὑπὸ
388 3860 520 3949 δειράσι
543 3857 740 3953 νιφοβόλοις

215 3967 220 3974 ’
283 3969 489 4053 Παρνασσοῦ
509 3965 719 4058 κατενάσθην

230 4063 347 4135 Ἰόνιον
369 4067 454 4136 κατὰ
477 4066 600 4135 πόντον
620 4067 697 4138 ἐλά-

232 4198 274 4262 τᾳ
296 4168 471 4239 πλεόοασα
493 4170 698 4262 περιρρότων

233 4272 317 4362 ὑπὲρ
341 4271 557 4362 ἀκαρπίστων
579 4273 706 4344 πεδίων
