2922 4948
346 361 383 404 nn
399 359 666 404 mrnnmmrioun
682 357 986 404 iurismomrconni.
1156 339 1218 400 255

214 517 242 576 Ι.
266 508 401 593 δμωαὶ
425 508 470 576 δὲ
491 507 616 576 τίνων
639 505 845 598 κλῄζεσθε
869 507 1023 592 δόμωνς

312 604 359 679 X}
377 612 559 690 Παλλάδος
581 608 695 679 ἔνοικα
717 607 868 702 τρόφιμα
889 611 1046 700 μέλαθρα

359 721 426 782 ειῦν
448 715 536 800 ἐμῶν
558 713 734 802 τυράννων.

310 817 488 907 παρούσας
511 814 541 887 δ’
563 816 653 912 ἀμφὶ
674 816 748 888 τόδ’
772 819 905 910 ίροισᾷς,

216 1086 240 1167 5
255 1083 332 1149 701.
364 1085 477 1148 Comici
493 1083 669 1165 aliquando,
689 1087 770 1148 risus
785 1084 941 1146 excitandi
957 1105 1078 1164 caussa,
1098 1088 1127 1146 in
1145 1083 1220 1164 ipsis

126 1193 275 1253 trimetris
299 1188 508 1253 diverbioium
535 1188 682 1252 videntur
708 1190 942 1270 interpellationi
970 1191 1070 1253 locum
1097 1191 1215 1251 iecisse.

126 1294 351 1374 Aristophanes
368 1296 398 1355 in
415 1291 546 1354 Acharn.
568 1294 640 1356 lOl.

218 1416 278 1478 ΔΙ.
300 1404 481 1499 Εὐριπίδη,
505 1403 714 1497 Εὐριπίδιον.

259 1512 464 1596 ὑπάκουσον,
488 1507 583 1602 εἴπερ
606 1507 739 1580 πώποτ’
762 1509 954 1602 ἀνθρώπων
976 1513 1064 1583 τινί·

258 1616 487 1696 Δικαιόπολις
508 1619 605 1684 καλεῖ
627 1639 664 1684 σε
686 1615 856 1708 Χοίλίδης
878 1617 951 1706 ἐγώ.
978 1669 982 1678 .

594 1725 624 1788 Ε
630 1726 689 1788 ΥΡ.
713 1717 784 1788 ἀλλ’
809 1717 848 1788 οδ
871 1720 982 1812 σχολή.

214 1833 274 1895 ΔΙ.
298 1819 370 1895 a’tt'
394 1819 619 1915 ἐκκυκλήθητ’.
649 1829 743 1894 ΕΥΡ.
766 1819 838 1891 ἀλλ’
862 1821 1034 1892 ὐδόναεον.
1063 1829 1122 1892 ΔΙ.
1146 1822 1218 1893 ἀλλ’

753 1925 853 2015 ὅμως.

126 2062 172 2121 Ne
196 2060 266 2138 quis
289 2058 433 2136 miretur,
460 2053 634 2138 quomodo
656 2053 901 2118 animadvertere
920 2056 1075 2136 potuerint
1091 2065 1219 2136 specta-

126 2176 210 2225 tores
226 2160 452 2242 interpellatum
469 2180 538 2222 esse
556 2159 738 2240 trimetrum,
759 2158 927 2220 tenendum
944 2167 1001 2239 est,
1024 2159 1217 2238 Dicaoopolin

124 2268 180 2328 illa
206 2255 390 2348 Εὐριπίδη,
417 2253 618 2347 Εὐριπίδιον
640 2261 722 2324 lente
749 2273 780 2326 et
805 2281 860 2344 prr
886 2263 1043 2324 intervalla
1068 2248 1214 2344 prolerre,

125 2370 299 2450 eodemque
330 2367 420 2430 modo
450 2369 478 2428 ei
505 2366 690 2448 respondere
719 2364 895 2448 Euripidem
923 2355 996 2427 ἀλλ’
1027 2356 1067 2428 οὐ
1096 2358 1215 2450 σχοίή.·

125 2474 196 2537 illos
223 2483 327 2536 autem
350 2473 404 2554 qui
424 2472 504 2534 inter
524 2469 602 2533 haec
624 2469 718 2532 medii
740 2480 814 2534 sunt
840 2470 902 2533 duo
924 2471 1053 2532 trimetri
1079 2471 1220 2530 celeriter

125 2578 335 2660 pronuntiari,
362 2578 402 2638 ita
425 2584 460 2637 ut
483 2576 548 2656 ipsa
571 2576 757 2636 recitationis
780 2574 944 2637 diversitas
960 2573 1089 2653 indicet,
1117 2575 1218 2634 inter-

125 2691 252 2762 ceptum
270 2683 443 2742 trimetrum
460 2680 576 2761 expleri
592 2678 697 2740 verbis
711 2678 878 2760 Euripidis.

214 2937 330 3023 §702
366 2941 459 3020 Magis
475 2941 566 3002 etiam
583 2938 747 3002 ridiculum
764 2948 812 3002 est
833 2938 910 3001 illud
926 2941 956 3000 in
974 2939 1067 3000 ilanis
1089 2961 1119 3001 v.
1141 2939 1213 3000 ott.

125 3047 183 3109 ubi
206 3046 359 3124 Bacchus,
387 3043 462 3105 dum
486 3043 683 3126 verberatur,
713 3043 849 3106 dolorem
872 3043 1072 3105 dissimulans
1094 3053 1217 3105 cantare

126 3137 316 3232 incipit,'sed
333 3150 473 3210 vincente
489 3146 593 3209 dolore
609 3168 647 3208 ex
664 3159 758 3210 cantu
773 3146 919 3210 excidens
934 3149 1097 3229 postremis
1112 3147 1217 3208 verbis

127 3257 159 3315 in
177 3256 349 3314 trimetrum
366 3251 528 3314 relabitur:

215 3376 269 3440 ΔΙ.
292 3365 473 3449 Πόσειδον,
495 3365 575 3440 ΞΑ.
597 3361 736 3456 ἤλγησέν
757 3391 817 3446 εις.

214 3479 273 3541 ΔΙ.
296 3467 335 3553 ὃς
356 3467 509 3560 Αἰγαίου
533 3474 667 3559 πρῶνας
688 3465 711 3560 ἢ
731 3471 877 3558 γλαυκᾶς
898 3456 1012 3555 μέδεις

595 3569 677 3653 ἁλός
699 3573 733 3643 ἒν
753 3573 919 3662 βένθεσιν.

129 3705 227 3764 Etiam
243 3705 274 3764 in
295 3703 397 3782 lyricis
413 3700 604 3763 carminibus
625 3698 789 3781 μεσόμνια
811 3721 937 3763 versum
954 3702 1148 3782 interpellare
1163 3700 1217 3762 di-

130 3816 217 3869 cetur
231 3806 249 3889 ξ
267 3809 300 3868 il
310 3810 338 3868 ll.

215 4045 330 4130 §703
363 4047 631 4122 Quemadmodum
660 4051 690 4110 in
713 4048 878 4112 comoediis
900 4049 956 4110 loci
980 4047 1107 4130 quidam
1130 4057 1214 4128 sunt,

128 4155 183 4234 qui
200 4155 281 4214 omni
299 4163 394 4215 metro
410 4163 544 4232 careant,
563 4162 594 4214 et
609 4154 700 4234 plane
715 4173 805 4237 prosa
822 4156 957 4216 oratione
973 4154 1079 4232 scripti
1095 4154 1166 4231 sint,
1182 4163 1218 4214 nt

130 4276 317 4338 praeconum
329 4255 593 4336 proclamationes
609 4259 737 4319 velutin
750 4258 1073 4338 Thesmophoriazusis
1084 4277 1115 4318 v.
1127 4260 1213 4336 295,
