2922 4948
570 405 607 446 or
623 404 771 448 ramnum.
1153 383 1216 446 239

120 577 152 618 v.
174 559 247 620 uta.
282 557 441 620 Interdum
458 577 542 620 unus
565 557 804 638 colloquentium
822 575 878 638 pro
893 559 1009 636 integro
1024 575 1119 620 versu
1138 557 1216 618 uihil

120 661 181 722 nisi
205 661 333 722 brevem
358 661 610 723 exclamationem
626 661 754 743 profert,
782 670 818 724 ut
839 663 870 722 iu
886 660 993 740 Agam.
1015 663 1108 725 l3l6.
1134 660 1216 723 Alibi

120 783 178 845 per
192 763 376 826 huiusmodi
390 765 647 829 exclamationem
663 773 893 828 commutantur
908 765 1008 844 vices,
1027 766 1122 828 altera
1138 781 1216 848 per-

121 889 199 936 sona
215 867 394 930 inchoatum
415 869 457 930 ab
479 869 574 932 altera
591 887 717 932 versum
733 868 937 951 adimplente,
964 878 999 932 ut
1014 870 1044 930 in
1060 869 1212 933 Prometh.

121 991 151 1032 v.
173 972 250 1034 979.

205 1083 279 1154 ‘ER
302 1081 374 1179 εἴης
396 1089 544 1180 φορητὸς
566 1083 626 1156 οὖν
648 1083 699 1172 σ’ἰν,
723 1086 755 1156 εἰ
776 1089 945 1177 πράσσοις
965 1089 1085 1169 καλῶς.

210 1197 282 1258 ΠΡ.
306 1185 336 1258 d
356 1216 426 1277 μοι.
449 1189 523 1260 ‘ER
544 1191 623 1261 adde
645 1191 730 1272 Σεύς
750 1187 878 1274 τοῦπος
900 1187 960 1260 οὐκ
983 1189 1175 1261 ἐπίσταται.

120 1319 203 1391 Quin
227 1320 318 1380 ctiam
342 1317 470 1400 epodica
491 1317 644 1400 quaedam
667 1318 866 1382 conlomnatio
893 1321 1049 1383 invenitur
1073 1319 1104 1382 in
1127 1317 1214 1400 Aga-

121 1441 289 1484 memnone
304 1442 334 1485 v.
357 1425 450 1484 teat.

244 1543 322 1605 ΑΓ.
346 1532 435 1627 ᾤ’μοι
458 1538 654 1629 πέπληγμαι
675 1535 812 1626 καιρίαν
833 1539 960 1632 πληγὴν
983 1537 1059 1609 ἔσω.

209 1649 252 1710 Χ.
276 1648 318 1710 α’.
343 1647 436 1732 σῖγα·
458 1641 511 1722 τίς
532 1641 663 1733 πληγὴν
686 1639 785 1711 diioui
805 1642 945 1733 καιρίως
965 1641 1185 1730 οὐτασμένοςγ

269 1749 329 1815 4Γ.
352 1740 381 1836 ᾤ’
401 1771 462 1833 μοι
482 1741 560 1833 μάλ’
584 1737 689 1826 αὖθις
711 1748 867 1836 δευτέραν
889 1747 1129 1839 πεπληγμένος.

207 1856 250 1919 Χ.
273 1849 314 1937 β’.
337 1844 477 1940 τοῦργον
499 1847 682 1940 εἰργάσθαι
705 1854 799 1918 δοκεῖ
818 1875 880 1938 μοι
901 1852 1068 1938 βασιλέως
1090 1850 1212 1942 οἰμώγ-

805 1981 897 2041 μασι.

118 2083 243 2158 Quibus
259 2081 419 2160 versibus,
438 2100 572 2162 quorum
587 2081 652 2145 bini
667 2083 784 2163 quique
800 2082 995 2162 stropharum
1012 2084 1109 2145 instar
1123 2047 1211 2164 suut!

120 2208 178 2269 pro
194 2187 295 2269 epodo
310 2187 390 2249 alius
405 2203 423 2247 a
439 2187 528 2248 tertio
542 2186 662 2249 chorico
678 2205 752 2248 sene
769 2185 942 2248 trochaicus
956 2185 1099 2248 additur:

207 2317 295 2388 otto
316 2315 546 2404 κοινωσώμεθ’
565 2313 614 2386 ‘dr
634 2343 708 2398 παις
729 2314 868 2410 ἀσφαλῆ
888 2319 1113 2404 βουλεύματα.

119 2469 199 2528 Tum
216 2473 318 2528 autem
342 2463 454 2545 reliqui
470 2461 633 2528 duodecim
653 2481 743 2524 senes
759 2463 870 2542 singuli
886 2461 965 2524 duos
981 2465 1112 2524 recitant
1127 2461 1210 2526 iam-

117 2569 203 2632 bicos
220 2569 384 2631 trimetros.

511 2863 821 2874 *pn—*a—

547 3113 809 3184 chem·

466 3283 863 3376 Deparabasi.

203 3468 321 3555 §652
355 3473 389 3532 ln
418 3469 574 3532 comoedia
602 3471 696 3531 veteri
725 3471 891 3550 praecipue
924 3468 1129 3533 memorabilis
1161 3481 1209 3534 est

117 3597 210 3660 para
220 3577 347 3655 basis,
367 3593 448 3655 quae
458 3583 597 3653 vocatur,
616 3592 696 3654 quae
712 3581 760 3634 est
770 3573 855 3634 chori
870 3571 911 3636 ad
926 3581 1114 3652 spectatores
1129 3593 1209 3638 con-

117 3685 231 3746 versio.
271 3681 315 3742 De
344 3698 380 3741 oa
409 3676 538 3742 videndi
561 3677 744 3757 Hephaestio
764 3697 794 3758 p.
815 3676 849 3737 il
882 3675 979 3760 (tet).
1028 3677 1136 3740 Pollux
1156 3679 1203 3742 lv.
1273 3683 1276 3688 '

118 3790 192 3850 lll.
226 3783 321 3848 schol.
347 3782 501 3864 Aristoph.
534 3781 567 3842 in
594 3797 712 3860 argum.
739 3779 942 3860 Litubium,
967 3781 1112 3846 etadv.
1138 3784 1209 3846 Nu-

117 3892 206 3953 hium
223 3891 296 3952 518.
316 3898 347 3949 et
365 3888 457 3948 tlte.
482 3895 576 3965 atque
598 3883 638 3948 ad
652 3886 760 3946 Pacem
780 3905 810 3946 v.
831 3885 904 3947 733.
930 3885 1033 3948 Partes
1056 3885 1208 3965 quasdam

116 3997 186 4056 cius
207 3992 362 4072 attingunt
389 3991 483 4053 schol.
508 3988 548 4052 ad
567 3987 647 4052 Nub.
674 4008 704 4051 v.
725 3991 797 4052 tto.
819 3987 891 4052 575.
918 3987 958 4050 ad
979 3987 1110 4050 Acheru.
1131 3992 1203 4050 659.

117 4099 222 4178 Etym.
248 4099 286 4158 ll.
320 4115 351 4177 p.
373 4097 444 4175 363,
465 4097 517 4154 ld.
543 4092 727 4156 emendatus
752 4113 769 4155 a
793 4091 967 4173 Sylhurgio.
1008 4090 1085 4153 Vide
1115 4093 1207 4153 etiam

116 4201 324 4278 Bulengerum
354 4199 393 4261 de
422 4199 541 4260 theatro
563 4198 597 4258 ll.
620 4196 669 4258 ta.
704 4198 735 4257 in
758 4197 880 4260 Graevii
902 4195 991 4256 Thes.
1017 4193 1089 4256 Ant.
1116 4195 1203 4258 Rom.

117 4310 151 4368 T.
172 4306 224 4366 tx.
