2922 4948
249 361 311 430 158
479 377 482 384 “
642 377 698 427 tm.
718 381 762 427 m.
790 381 852 428 err.
871 379 935 428 xxv.

248 540 299 602 vel

158 632 162 645 ’
220 703 224 710 .
335 646 584 750 ὦδιθύρομβο.

248 782 336 854 Quae
351 783 376 842 si
392 799 453 842 non
468 790 543 842 sunt
558 783 590 842 in
607 781 667 842 line
683 777 843 860 strophae,
870 777 925 840 sed
941 779 972 840 in
987 777 1104 857 media,
1129 769 1288 857 μεούμν
1298 795 1345 838 ια

250 894 407 946 vocantur.
441 882 582 963 Sappho:

334 998 424 1092 ὕψοι
447 996 487 1090 δὴ
509 995 548 1065 τὸ
569 997 753 1089 μέλαθρον,

451 1099 666 1192 Ὑμήναον,

338 1201 480 1294 ολέῤῥιτι,
502 1205 653 1284 τέκτονος
674 1198 807 1292 ἄνδρες·

452 1306 667 1398 Ὺμήναον,

334 1410 482 1504 γαμβρὸς
505 1409 633 1501 ἔρχεται
655 1404 730 1490 ἶσος
750 1408 852 1501 Ἄρηϊ.
975 1463 977 1466 -

248 1540 428 1616 Vltimum,
455 1545 490 1600 ut
511 1537 651 1616 videtur,
681 1537 836 1599 Bentleius
859 1534 899 1598 ad
922 1536 1023 1597 Horat.
1049 1554 1081 1616 p.
1102 1535 1174 1596 710.
1202 1543 1342 1598 metrum

250 1642 346 1704 tuisse
361 1625 419 1702 lroe
434 1649 539 1721 putat:
1003 1727 1006 1732 Ι

334 1754 419 1846 {iper
443 1756 482 1846 δὴ
503 1755 542 1822 τὸ
564 1756 741 1845 μέλαθρον
764 1751 905 1845 droam,
928 1754 1077 1834 τέκτονος
1099 1749 1226 1844 ἄνδρες,

250 1881 333 1962 quod
349 1881 602 1962 interpellabatur
617 1884 674 1944 isto
690 1883 871 1962 mesymnio.

334 2088 359 2169 ᾗ
380 2085 457 2152 711.
493 2078 860 2175 Ἔντιφθογματικὰ
883 2098 971 2168 sunt,
998 2107 1077 2168 quae
1098 2064 1206 2167 integri
1227 2105 1344 2150 versus

251 2193 470 2273 longitudinem
487 2191 619 2253 habent:
644 2201 678 2252 ut
693 2192 768 2253 haee
783 2190 846 2254 duo
861 2189 1051 2272 Bacchylidis
1067 2191 1225 2272 exempla:

335 2300 355 2397 ἠ
378 2306 480 2385 καλὸς
504 2304 695 2396 Θεόκριτος,
718 2301 758 2373 οὗ
780 2311 903 2391 μοῦνος
925 2301 1115 2394 ἀνθρώπων
1138 2301 1226 2395 ἐρᾷς.

250 2441 280 2495 et

336 2547 374 2615 οὐ
392 2543 421 2615 δ’
438 2546 472 2614 ἒν
491 2553 606 2632 χιτῶνι
626 2546 717 2636 μόνῳ
734 2547 828 2638 παρὰ
849 2547 908 2638 τὴν
923 2544 1025 2640 φίλην
1040 2553 1178 2637 γυναῖκα
1194 2545 1342 2640 φεύγοις.
1368 2561 1373 2570 “

251 2673 326 2737 Vide
341 2673 380 2735 de
402 2673 449 2735 his
470 2674 712 2755 epiphonematis
735 2674 898 2754 Hephaest.
918 2692 948 2752 p.
970 2675 1019 2735 70.
1039 2691 1104 2754 seq.
1129 2674 1211 2756 (198.
1231 2672 1337 2756 seqq.)

336 2897 360 2978 ξ
382 2894 459 2961 712.
501 2899 544 2959 Ea
571 2907 692 2978 autem,
726 2917 806 2979 quae
832 2897 922 2969 nobis
948 2891 1158 2985 οτροφικὰ
1182 2897 1341 2978 appellare

252 3000 363 3081 placet,
383 3010 437 3061 aut
450 2993 727 3087 μονόοτροφο
742 3011 825 3082 sunt,
845 3011 898 3064 aut
914 2997 1200 3088 πολύστροφα.
1457 2985 1458 3004 ’

336 3220 457 3306 5713.
499 3212 793 3310 Μονόοτροφα
823 3235 911 3305 sunt,
945 3244 1026 3307 quao
1055 3244 1095 3286 ex
1124 3245 1186 3288 una
1216 3235 1339 3290 tantum
1456 3223 1457 3270 l

252 3328 375 3409 stropha
403 3339 553 3391 constant.
590 3330 676 3402 Quae
703 3329 728 3390 si
756 3329 889 3410 longiora
915 3337 1006 3408 sunt,
1036 3338 1072 3391 nt
1096 3328 1339 3410 magnitudinem

250 3432 393 3513 strophae
416 3430 581 3509 excedant,
608 3442 640 3491 et
659 3437 762 3494 umen
785 3449 846 3494 non
868 3442 999 3514 possunt
1019 3434 1051 3493 in
1071 3433 1176 3515 plures
1195 3434 1340 3514 strophas

252 3534 365 3612 dividi,
396 3522 561 3619 ἅτμητα
587 3546 752 3611 uocantum
784 3535 892 3614 quales
914 3527 1035 3615 νόμοι
1057 3536 1199 3616 iuemmt,
1224 3546 1274 3617 et,
1304 3547 1340 3598 ut

252 3637 384 3717 videtur,
404 3639 588 3699 recentiores
605 3637 802 3719 dithyrambi.

336 3842 361 3923 ᾗ
375 3841 453 3907 714.
488 3835 768 3932 Πολύστροφα
790 3855 873 3926 sunt,
897 3863 976 3926 quae
991 3865 1030 3906 ex
1044 3846 1189 3925 pluribus
1203 3849 1339 3930 strophis

252 3957 409 4031 constant:
439 3966 538 4028 eaque
560 3939 904 4036 ἀνομοιόοτροφο
931 3957 1094 4030 vomatur,
1124 3951 1151 4011 si
1173 3949 1339 4016 dissimiles

251 4049 391 4129 strophas
418 4050 550 4128 habent;
581 4044 977 4142 παρομοιόοτροφα
1002 4062 1123 4133 autem,
1153 4056 1180 4116 si
1206 4056 1336 4118 similes.

250 4153 299 4213 Ex
325 4152 372 4214 his
399 4143 765 4238 ἆνομοιόστροφα,
791 4153 920 4239 εἰιάιιοτ
945 4165 1064 4218 tantum
1091 4157 1233 4236 strophas
1260 4178 1341 4222 eou—

252 4255 359 4333 tiuent‚
383 4247 672 4344 ἑτορόοτροφα
693 4256 849 4319 dicuntur.
