2930 4962
245 374 265 432 4
661 391 716 434 nin.
737 392 757 433 i.
784 391 846 434 our.
866 391 899 432 u.

245 553 418 624 temporum
434 543 665 622 spatiorumque
680 542 864 622 aequalitate
879 545 1065 623 continetur,
1091 561 1163 625 pars
1179 553 1227 605 est
1240 545 1331 606 seriei

245 647 392 726 infinitae,
411 665 513 725 neque
529 654 583 708 aut
597 646 718 708 initium
734 655 787 708 aut
803 647 896 710 finem
911 646 1013 708 habet.
1044 649 1083 709 Vt
1097 665 1256 727 numerus,
1275 649 1330 727 qui

246 749 280 810 fit
293 749 545 829 percussionibus
566 749 778 830 tintinnabuli,
803 749 917 831 quibus
938 752 969 810 in
990 750 1140 830 horologio
1156 751 1247 812 horae
1262 770 1329 813 nu-

245 863 417 931 merantur;
445 854 494 916 vel
509 855 702 934 symmetria,
727 851 870 934 quaeest
889 855 1015 916 inseris
1030 854 1192 934 arborum,
1219 855 1331 917 altitu-

245 956 327 1037 dine,
347 937 454 1036 iorma,
473 958 642 1018 intervallis
658 958 789 1035 parium.
815 958 905 1032 Quali
920 959 952 1018 in
967 975 1096 1020 numero
1111 959 1331 1037 symmetriave

245 1070 386 1139 apertum
402 1070 464 1138 est,
491 1060 568 1121 nihil
583 1061 624 1122 ita
647 1069 701 1122 aut
715 1061 849 1141 primum
865 1069 919 1124 aut
932 1071 1122 1142 postremum
1144 1081 1229 1141 esse,
1253 1063 1331 1143 quin

245 1174 299 1226 aut
310 1162 382 1226 addi
398 1163 524 1245 aliquid,
540 1172 594 1225 aut
609 1162 727 1226 detrahi
743 1173 845 1245 queat,
861 1165 946 1228 uullo
961 1167 1082 1228 numeri
1094 1168 1331 1244 symmetriaevc

245 1267 437 1329 detrimento.

330 1474 354 1555 ἦ
372 1472 424 1538 11.
457 1473 547 1546 Quod
562 1475 587 1535 si
603 1475 673 1554 quis
689 1484 736 1536 est
752 1493 917 1555 numerus,
944 1485 1001 1545 aut¹
1018 1477 1044 1537 si
1061 1495 1122 1556 qua
1138 1476 1328 1554 symmetria,

245 1597 325 1658 quae
347 1597 407 1640 non
431 1580 471 1638 sit
491 1579 623 1658 infinita,
652 1579 759 1657 quales
780 1597 925 1640 numeros
945 1571 1179 1658 symmetriasve
1200 1580 1332 1642 inveniri

245 1682 433 1762 experientia
455 1680 558 1760 docet,
585 1681 702 1760 aliquid
723 1683 754 1742 in
776 1683 851 1761 ipsis
874 1699 958 1760 esse,
986 1681 1070 1762 quod
1086 1681 1261 1746 ahsolutum
1277 1684 1328 1762 sit,

245 1804 372 1846 necesse
387 1794 443 1846 est.
470 1786 525 1847 Est
540 1794 643 1846 autem
659 1786 690 1845 in
706 1786 784 1846 serie
801 1805 979 1848 caussarum
997 1805 1032 1848 ea
1049 1805 1158 1848 caussa
1174 1785 1328 1866 absoluta,

246 1907 325 1968 quae
340 1908 402 1950 non
417 1898 464 1950 est
479 1888 584 1949 effecta
601 1888 642 1950 ab
658 1888 715 1952 alia
731 1907 849 1969 caussa,
875 1888 931 1951 sad
946 1889 1076 1952 aliamm
1092 1891 1157 1969 ipsa
1174 1889 1328 1968 efficiens;

246 1995 276 2054 in
300 1993 433 2072 partium
456 1993 726 2071 comprehensione
748 2001 851 2053 autem
868 2012 902 2054 ea
919 2011 991 2073 pars
1006 1993 1147 2056 absoluta
1162 2001 1224 2072 est,
1251 2012 1333 2073 quae

246 2115 306 2157 non
323 2105 370 2156 est
384 2105 544 2175 propterea
559 2115 642 2175 pars,
665 2097 737 2176 quia
753 2094 890 2157 eiusdem
908 2099 950 2157 rei
966 2099 1056 2159 etiam
1073 2098 1149 2159 aliae
1165 2105 1239 2158 sunt
1253 2115 1333 2176 par-

247 2210 308 2278 tes,
334 2196 391 2260 scd
406 2209 531 2278 propter
546 2218 639 2280 quam
656 2200 724 2261 illae
740 2209 831 2280 sunt,
858 2200 877 2260 i.
897 2219 923 2260 ε.
944 2201 1033 2262 cuius
1056 2201 1124 2262 illae
1139 2201 1238 2280 ipsius
1253 2217 1332 2280 par-

151 2337 153 2345 *
246 2313 292 2364 1θὸ
309 2311 393 2363 sunt.

332 2509 356 2590 ἦ
374 2505 424 2574 12.
459 2509 522 2572 Sed
537 2512 681 2590 quoniam
698 2511 783 2573 nulla
799 2519 846 2571 est
860 2528 979 2590 musso,
998 2529 1078 2590 quae
1093 2529 1154 2572 non
1170 2511 1277 2573 effecta
1292 2512 1334 2572 sit

246 2614 287 2675 ab
310 2614 368 2676 alia
392 2633 519 2694 caussa,
548 2614 695 2694 nullaque
718 2633 767 2676 res
787 2623 891 2695 partes
912 2614 1048 2694 habens,
1078 2633 1158 2695 quae
1180 2633 1242 2675 non
1264 2615 1332 2694 ipsa

247 2737 370 2800 quoque
392 2737 464 2798 pars
486 2719 526 2779 sit
546 2719 625 2786 alius
646 2720 705 2779 rei:
736 2727 878 2798 apparet,
906 2719 1065 2780 relativam
1088 2736 1156 2779 esse
1178 2719 1331 2778 notionem

248 2841 375 2884 caussae
391 2823 549 2901 partisque
565 2821 733 2899 absolutae,
756 2822 775 2881 i.
796 2841 823 2881 e.
843 2822 934 2882 talem
950 2840 1019 2884 cam
1034 2839 1174 2883 caussam
1190 2830 1333 2900 partem-

247 2945 308 3005 que
324 2925 464 3004 intelligi,
493 2943 572 3004 quae
587 2943 649 2985 non
665 2944 721 3004 per
736 2943 769 2985 se
785 2924 925 2986 absoluta
941 2927 998 3002 sit,
1020 2924 1075 2986 sed
1091 2932 1226 3003 tantum,
1249 2923 1333 3003 quod

248 3028 287 3090 ad
303 3028 407 3091 datam
419 3028 552 3109 aliquam
566 3029 675 3089 seriem
690 3047 870 3090 caussarum
885 3028 933 3089 vel
944 3028 1185 3106 complexionem
1198 3029 1334 3107 partium

248 3133 365 3212 attinet,
385 3129 527 3193 habenda
545 3133 584 3192 sit
600 3151 655 3213 pro
671 3131 824 3211 absoluta,
843 3134 925 3213 quia,
949 3150 1010 3211 quo
1025 3150 1093 3192 eam
1109 3133 1165 3192 niti
1180 3131 1331 3212 dicamuS,

247 3237 278 3296 in
306 3237 372 3317 ipsa
398 3237 455 3296 ista
486 3239 565 3296 serie
592 3254 772 3297 caussarum
799 3236 849 3297 vel
876 3235 1086 3314 complexione
1112 3236 1246 3315 partium
1272 3256 1334 3298 non

247 3340 428 3419 reperiatur,
447 3337 503 3400 sed
518 3338 644 3401 aliunde
660 3343 699 3401 sit
715 3338 928 3420 repetendum.
954 3341 994 3401 Vt
1008 3339 1034 3398 si
1049 3340 1160 3419 sagitta
1174 3341 1206 3400 in
1222 3357 1334 3403 saxum

247 3443 326 3502 illisa
342 3443 509 3523 repellitur,
534 3463 645 3505 saxum
661 3442 749 3525 illud,
776 3442 860 3524 quod
880 3442 920 3504 ad
936 3452 1052 3505 motum
1068 3443 1195 3523 sagittae
1211 3445 1330 3524 attinet,

145 3628 147 3634 Α
248 3564 358 3608 caussa
374 3546 514 3609 absoluta
530 3549 639 3610 mutati
655 3557 830 3628 motusest,
856 3549 927 3628 quio
944 3546 1071 3640 lexilla,
1090 3565 1152 3626 qua
1168 3547 1278 3626 sagitta
1293 3547 1334 3608 ab

249 3669 323 3711 arcu
338 3651 449 3713 emissa
465 3661 616 3732 movetur,
632 3671 694 3713 non
709 3660 811 3732 potest
823 3669 964 3714 caussam
981 3651 1146 3730 continere,
1162 3669 1259 3731 quare
1274 3651 1333 3712 alia

248 3754 314 3834 lege
340 3774 376 3815 ea
403 3757 509 3835 sagitta
537 3765 706 3816 moveatur.
747 3756 786 3816 Et
815 3757 847 3815 in
877 3755 954 3816 serie
981 3753 1126 3815 arborum
1156 3755 1334 3834 aequalium

249 3859 431 3938 aequalique
454 3860 679 3939 comparatione
699 3856 916 3937 dispositarum
939 3857 964 3919 si
987 3876 1049 3918 una
1069 3855 1160 3918 arbor
1174 3858 1334 3937 magnitu-

201 3952 204 3958 ’
249 3960 321 4023 dine
336 3971 407 4025 ante
420 3971 537 4024 ceteras
552 3963 675 4041 eminet,
690 3981 724 4023 ea
742 3961 843 4041 arbor,
858 3961 942 4041 quod
957 3960 997 4023 ad
1013 3962 1123 4022 seriem
1138 3962 1221 4024 illam
1237 3961 1334 4024 arho-

249 4086 317 4128 rum
341 4069 462 4146 attinet,
488 4046 565 4146 pars¹
584 4075 631 4128 est
651 4065 810 4145 absoluta,
837 4068 908 4146 quia
931 4067 961 4126 in
985 4065 1036 4126 illa
1052 4065 1172 4144 aequali
1187 4065 1333 4128 arborum

237 4172 473 4250 'comparatione
493 4171 567 4230 nihil
590 4189 658 4230 esse
680 4178 793 4249 potest,
820 4169 904 4249 quod
927 4189 1020 4232 unam
1037 4187 1143 4231 earum
1159 4169 1249 4230 aliam
1265 4187 1333 4230 esse

250 4275 392 4352 postulet.
