2930 4962
255 353 296 414 34
594 355 596 362 ⁴
666 371 722 412 mn.
742 371 774 412 rr.
811 371 872 412 cnr.
893 373 925 413 rr.

341 523 364 602 ξ
382 519 458 586 106.
486 523 631 583 Constare
655 532 760 584 autem
774 523 865 584 basin
886 542 925 584 ex
942 521 1065 587 duabus
1081 521 1219 600 arsinus,
1246 541 1284 582 ex
1307 541 1344 582 eo

255 628 463 706 cognoscitur,
489 624 573 706 quod
588 633 720 706 utraque
741 626 861 707 syllaba
878 628 1024 688 incertam
1042 645 1219 688 mensuram
1235 624 1339 685 habet.

255 731 332 792 Nam
347 731 374 791 si
389 730 534 792 alterutra
551 737 672 792 tantum
695 731 778 792 arsin
802 729 946 808 haberet,
972 749 1011 791 ex
1034 730 1100 810 lege
1123 729 1244 792 numeri
1259 737 1343 788 certa

255 832 383 906 deberet
397 835 582 912 comparatio
597 852 666 894 esse
682 851 908 894 mensurarum.
942 835 1077 913 Vtraque
1100 841 1205 895 autem
1223 833 1249 894 si
1265 831 1344 892 arsis

255 945 316 1016 est,
335 937 402 998 iure
418 936 528 998 ambae
544 937 691 1016 ancipites
708 944 798 1015 sunt,
825 937 895 1015 quia
913 945 1044 1016 utraque
1067 937 1160 998 simul
1175 944 1206 996 et
1221 937 1342 996 initium

254 1051 285 1102 at
308 1040 377 1101 finis
399 1041 520 1101 numeri
543 1048 599 1101 est.
641 1037 727 1102 Vnde
750 1041 923 1120 promiscuo
946 1039 1042 1118 pedes
1063 1039 1208 1121 disyllabi
1236 1057 1346 1100 omnes

253 1143 477 1207 admittuntur:

340 1250 391 1293 cc

341 1452 390 1498 &L

175 1699 180 1711 ι
254 1662 298 1721 lta
325 1659 453 1738 quidem
478 1660 563 1740 lyrici
585 1623 768 1740 Accienses,
798 1671 833 1722 ut
854 1659 978 1739 Sappho
1008 1658 1093 1737 apud
1116 1659 1280 1738 Hephaest.
1308 1681 1340 1740 p.

254 1766 294 1825 Ἠ
328 1765 391 1825 42.

317 1763 430 1948 (’Ἐ)ρος
445 1857 474 1928 d'
488 1843 572 1928 ἀὖτέ
585 1857 620 1944 μ’
636 1859 655 1928 ὃ
672 1860 846 1952 λυσιμελὴς
862 1863 964 1942 δονεῖ,

341 1962 561 2051 γλυκύπικρον
577 1960 748 2050 ἀμάχανον
763 1957 914 2054 donecoc.

344 2066 449 2150 Aret,
468 2067 523 2135 σοὶ
539 2064 569 2134 d'
587 2067 707 2153 ἐμέθεν
721 2067 782 2154 μὲν
798 2064 972 2158 ἀπήχθετο

340 2169 551 2262 φροντίσδην,
572 2171 630 2238 ἐπὶ
646 2167 676 2239 δ’
696 2169 914 2260 Ανδρομέόαν
930 2177 1027 2260 ποτῇ.

340 2376 456 2464 5107.
483 2383 546 2446 Sed
566 2385 667 2464 poesis
690 2383 782 2462 lyrica
800 2383 1010 2464 Doriensium,
1031 2361 1124 2462 quam
1142 2384 1297 2464 tragoedia
1314 2395 1348 2448 et

255 2486 408 2548 comoedia
423 2489 573 2568 sequitur,
590 2487 723 2548 exclusit
736 2484 960 2566 pyrrhichium.
986 2486 1081 2566 idque
1094 2486 1239 2548 videntur
1251 2490 1345 2550 etiam

256 2589 422 2656 Aculanses
439 2591 566 2672 quidam
582 2590 700 2692 fpcissc,
720 2598 755 2651 ut
770 2590 912 2682 Corinna.
945 2591 979 2650 Hi
995 2591 1087 2670 igitur
1102 2611 1197 2671 quum
1215 2590 1345 2652 alteram

256 2703 356 2755 utram
374 2695 455 2756 arsin
472 2695 645 2756 necessario
668 2695 786 2772 longam
810 2711 878 2753 esse
895 2693 1073 2772 voluerunt,
1102 2703 1346 2756 consentancum

255 2809 332 2877 erat,
348 2799 424 2858 solvi
436 2816 526 2875 posse
539 2798 616 2857 hanc
628 2799 710 2857 arsin
723 2798 753 2856 in
769 2796 848 2857 duas
860 2796 972 2857 breves
983 2817 989 2872 ;
1006 2797 1088 2858 unde
1100 2799 1202 2878 prouti
1214 2817 1249 2858 ea
1261 2798 1348 2876 prior

259 2900 308 2960 vei
323 2901 474 2980 posterior
488 2901 566 2961 arsis
582 2908 645 2978 est,
666 2900 722 2959 hae
738 2889 852 2962 formae
868 2909 972 2960 natae:

374 3002 398 3040 r
770 3001 793 3039 n

341 3037 398 3082 Lu
769 3037 827 3082 vl.

314 3213 365 3256 ύυ
803 3215 855 3256 &u

256 3299 362 3376 itaque
384 3305 415 3357 et
438 3304 602 3376 anapaesto
625 3304 655 3356 et
678 3296 798 3376 dactylo
822 3298 908 3359 locus
929 3305 994 3356 est:
1021 3295 1077 3358 sed
1100 3314 1168 3357 raro
1190 3296 1238 3358 his
1261 3295 1345 3359 duo-

256 3401 318 3462 hus
332 3399 477 3481 pedihus,
497 3419 554 3462 neo
569 3400 748 3479 frequenter
763 3399 915 3462 tribracho
931 3410 1072 3478 utuntur,
1092 3401 1221 3479 solique,
1241 3410 1276 3462 ut
1291 3403 1343 3462 vi-

257 3503 365 3584 detur,
397 3513 505 3584 poetae
535 3504 647 3564 scenici
677 3512 747 3583 post
768 3504 890 3583 Olymp.
918 3505 1078 3566 LXXXIX.
1119 3504 1244 3582 Propter
1266 3505 1344 3564 hanc

258 3609 434 3668 varietatem
465 3624 628 3668 mensurae
655 3608 686 3667 in
711 3606 922 3669 describendis
946 3607 1082 3668 numeris
1105 3606 1194 3667 basin
1217 3609 1257 3669 ita
1281 3628 1342 3668 no-

180 3777 183 3786 ,
256 3720 376 3772 tamus:

353 3814 373 3866 .'.
397 3814 416 3865 J.

255 3917 414 3996 Duplicem
444 3916 533 3978 basin
560 3915 654 3977 habet
676 3917 824 3980 Pindarus
846 3918 931 3978 Nem⁴
957 3919 1011 3979 Ν..
1033 3936 1062 3980 ν.
1092 3920 1120 3977 5.
1148 3928 1179 3980 et
1200 3922 1228 3979 6.
1257 3928 1340 3982 stm-

255 4021 397 4099 pharum.
