2922 4948
288 379 350 441 202
687 391 743 436 sm.
763 395 807 436 ιιι.
835 393 896 435 cnr.
915 395 968 439 ιιιι.

371 547 486 631 5552.
513 552 547 610 ln
559 549 687 630 singulis
699 547 840 630 partibus
852 548 984 627 numeri,
1001 549 1067 609 sive
1083 547 1287 626 membris,
1309 557 1378 608 ter-

288 654 412 717 minatio
427 672 514 715 caes
524 654 605 716 uris
621 657 691 733 apte
707 643 930 716 constituendis
947 649 1166 731 variandisqne
1181 633 1373 712 continetur:

288 757 327 820 de
342 775 403 838 qua
419 740 456 819 re
473 759 505 818 in
521 757 649 838 singulis
665 775 814 820 versuum
836 755 1002 838 generibus
1024 755 1160 836 dictum,
1186 755 1326 816 maxime
1348 755 1378 815 in

287 863 425 925 trimetro
441 861 572 925 iambico
587 870 619 924 et
633 879 727 924 versu
742 861 874 924 heroico.

371 1101 486 1187 5553.
518 1107 718 1167 Mensurae
745 1103 982 1166 conformatione
1003 1120 1097 1182 quam
1119 1099 1242 1164 diversa
1264 1103 1314 1163 vis
1342 1092 1381 1163 'sit

286 1209 425 1273 eiusdem
440 1210 577 1288 numeri,
602 1209 634 1270 in
657 1207 766 1272 iisdem
782 1209 906 1288 metria,
934 1218 1000 1270 tum
1016 1207 1108 1268 ctiam
1124 1207 1156 1266 in
1172 1208 1379 1286 anapaesticis

287 1315 494 1396 significatum
508 1323 566 1374 est.
598 1314 731 1374 Pertinet
745 1313 806 1374 huo
827 1313 919 1374 etiam
934 1310 1026 1390 illud,
1052 1308 1135 1392 quod
1151 1308 1328 1390 elegantius
1350 1312 1378 1370 in

287 1421 348 1480 line
363 1436 472 1479 versus
485 1437 546 1478 vox
562 1418 592 1477 in
607 1417 697 1497 longa
713 1416 832 1497 syllaba
849 1417 1023 1496 requiescit,
1043 1415 1226 1494 praesertim
1241 1411 1298 1476 ubi
1315 1434 1378 1477 nu-

287 1540 391 1585 merus
408 1523 529 1603 longam
544 1521 691 1601 requirit,
710 1521 792 1583 utin
807 1528 998 1602 pentametro
1013 1517 1155 1598 elegiaco.

373 1759 490 1844 5554.
516 1765 776 1826 Licentiarum
804 1783 882 1840 usus
903 1763 934 1822 in
962 1775 1208 1822 caesurarum
1235 1759 1378 1828 obser-

289 1869 444 1931 vatione
459 1867 509 1929 vel
525 1869 783 1948 neglectiore,
803 1866 989 1947 modoque
1004 1879 1206 1926 mensurae
1224 1875 1373 1943 versatur,

289 1992 386 2052 quum
396 1973 454 2034 alia
467 1980 647 2052 argumenta
659 1971 762 2034 minus
774 1989 881 2032 severe
891 1967 1038 2032 custodiri
1049 1985 1204 2048 caesuras,
1219 1967 1378 2050 pedesque

288 2076 409 2138 admitti
430 2077 620 2138 irrationales
647 2076 817 2156 patiantur,
843 2073 902 2135 alia
923 2071 1084 2152 diligenter
1103 2071 1244 2152 regulam
1266 2072 1376 2134 obser-

287 2182 353 2242 vari
364 2181 535 2260 postulent;
555 2187 622 2242 tum
634 2181 725 2240 etiam
737 2179 769 2238 in
781 2175 988 2258 prosodiae
1004 2173 1310 2260 temperamento
1325 2195 1376 2256 pro

288 2293 402 2364 aetate,
421 2302 548 2364 genere,
569 2291 810 2364 argumentoque
826 2281 979 2343 carminis.
1314 2265 1320 2276 ’

373 2522 490 2607 5555.
523 2525 695 2588 Plurium
717 2539 965 2587 numerorum
991 2523 1215 2585 coniunctio
1244 2523 1287 2584 ita
1313 2531 1377 2584 tra·
1417 2477 1428 2510 ο

289 2629 400 2693 ctanda
417 2637 474 2709 est,
493 2638 529 2692 ut
539 2631 639 2709 primo
654 2629 904 2709 congruentia
920 2633 1087 2709 spectetur.
1112 2625 1190 2687 Nam
1204 2644 1314 2688 versus
1326 2646 1377 2708 per

290 2754 323 2796 se
339 2735 445 2816 optimi
467 2735 493 2795 si
508 2735 550 2796 ita
566 2734 805 2814 coniungantur,
830 2741 866 2794 ut
886 2730 1007 2793 numeri
1028 2750 1090 2792 non
1112 2739 1182 2810 apte
1198 2739 1372 2812 congruant,

289 2858 351 2900 non
363 2836 554 2899 videbuntur
564 2845 646 2899 recte
658 2855 756 2898 unum
769 2833 925 2917 quoddam
938 2853 974 2896 ac
986 2843 1085 2898 totum
1097 2833 1229 2897 efficere.
1257 2838 1296 2900 Vt
1306 2837 1376 2896 haec

290 2941 414 3020 stropha
428 2937 564 3032 alcolea,
584 2959 647 3002 una
663 2939 781 3019 syllaba
796 2939 918 3020 addita,
937 2957 999 3003 una
1017 2938 1158 3021 dempta:

375 3079 518 3142 descende
533 3079 625 3158 caclo,
645 3086 674 3140 ct
689 3077 747 3160 dic,
768 3097 833 3161 ope,
853 3078 927 3141 tibio

375 3184 482 3266 regino
500 3181 618 3264 longum
638 3181 794 3263 Calliopea
808 3182 909 3263 melos,

418 3306 471 3349 sco
486 3305 557 3348 voce
573 3305 653 3348 nunc
669 3287 769 3348 mavis
784 3292 885 3365 conto,

461 3409 516 3452 reu
528 3389 639 3472 fidibus
655 3391 761 3470 tyrone
776 3389 896 3452 Phoebi.

1444 3553 1445 3590 l

375 3629 490 3712 5556.
524 3631 665 3695 Secunda
688 3651 760 3713 pars
782 3631 967 3693 tractationis
990 3633 1021 3692 in
1050 3649 1153 3691 nexu
1180 3645 1367 3691 numerormn

290 3719 388 3818 posita
404 3744 466 3815 est,
491 3737 545 3815 qui
565 3735 702 3816 gradu,
728 3734 854 3814 modo,
879 3735 1135 3798 conversione
1156 3733 1269 3796 differt.

332 4050 333 4054 ,
376 3973 488 4059 5557.
520 3976 672 4040 Gradus
702 3975 848 4040 nectendi
874 3985 936 4038 tres
962 3985 1051 4055 sunt,
1085 3975 1364 4060 consecutione,
1444 4039 1445 4048 χ

199 4159 207 4170 ,
291 4103 389 4162 quum
405 4083 474 4143 linis
491 4094 639 4142 rensuum
655 4081 725 4143 linis
740 4088 788 4142 est
811 4081 903 4142 etiam
918 4081 1056 4158 numeri,
1081 4095 1159 4159 quos
1174 4095 1282 4140 versus
1301 4089 1368 4135 non
1444 4099 1445 4154 j

290 4205 410 4248 nexos
433 4197 594 4247 vocamus:
621 4174 929 4269 duvrcpcqot'q,
945 4195 1045 4264 quum
1060 4181 1150 4244 modo
1165 4187 1365 4263 perpetuatur,
1444 4209 1445 4256 ι

291 4290 381 4353 modo
396 4309 458 4352 non
477 4297 679 4371 perpetuatur
694 4305 862 4366 numerus,
888 4288 942 4368 qui
963 4296 1037 4350 sunt
1060 4305 1168 4348 versus
1189 4277 1368 4348 seminari
1444 4267 1445 4344 l
