2896 4960
416 447 453 488 nn
469 444 672 488 tuarnnsrrcrs
689 445 897 488 rnraausrnrs.
1134 425 1193 488 129

197 593 315 677 5385.
343 599 478 660 Gaesura
493 617 540 676 oa,
560 617 640 678 quae
655 606 703 658 est
717 599 749 658 in
765 597 826 658 fine
842 594 973 662 secundi
988 595 1087 677 pedis,
1107 615 1199 679 saepe

110 701 290 781 negligitur,
310 700 366 762 sed
381 703 565 782 plerumque
581 703 642 780 sic,
668 701 749 763 utin
769 703 908 780 proxima
930 701 1018 762 brevi
1033 700 1196 781 incidatur,

111 821 191 884 qnae
208 803 267 866 alia
281 807 385 886 potius
401 824 547 885 caesura,
573 823 667 885 quam
687 805 836 884 neglectio
856 822 1001 866 caesurae
1017 814 1073 866 est.
1107 805 1147 866 Vt
1168 806 1200 865 in

85 907 88 914 “
109 907 196 968 Pluto
212 926 241 968 v.
263 907 336 972 570.

199 1020 458 1108 ἐπιβουλεύωσί
478 1049 515 1092 σε
536 1028 587 1112 τῷ
608 1021 748 1115 πλήθει.

112 1147 173 1210 Sed
195 1167 289 1230 saepe
311 1169 419 1212 revera
440 1151 604 1231 negligitur
625 1150 754 1214 secundi
774 1150 864 1232 pedis
885 1167 1027 1229 caesura,
1056 1148 1145 1213 modo
1165 1147 1199 1214 id

113 1253 165 1314 fiat
179 1253 286 1315 verbis
307 1273 370 1316 non
384 1255 573 1335 ineleganter
587 1254 760 1336 dispositis,
786 1264 822 1317 ut
843 1256 870 1317 si
889 1253 1044 1316 socundus
1065 1272 1120 1335 pes
1136 1254 1198 1317 da-

112 1356 213 1436 ctylus
228 1367 287 1436 est,
306 1366 338 1419 et
351 1359 384 1420 in
399 1358 487 1438 longa
500 1361 641 1422 anaorusi
656 1361 737 1422 tertii
753 1357 843 1440 podis
855 1357 986 1422 verbum
999 1359 1195 1420 terminatur:

113 1469 146 1522 ut
159 1461 192 1522 in
207 1460 266 1540 Eq.
288 1465 359 1524 508.
378 1463 470 1542 Vesp.
492 1465 563 1524 nal.
1084 1467 1088 1474 '

197 1569 378 1667 ἠνάγκαζεν
400 1574 464 1668 ἔπη
487 1576 652 1659 λέξοντας.

197 1679 255 1747 σοὶ
276 1675 306 1748 d'
327 1675 366 1771 ἢν
387 1677 440 1760 τίς
461 1706 497 1771 γε
520 1683 608 1771 διδῷ
627 1684 718 1771 τρεῖς
740 1676 890 1767 ὀβίλους.

113 1807 167 1868 Vbi
182 1805 401 1869 scribendum:
553 1801 555 1806 ’

198 1917 377 2012 ἠνάγκαζεν
398 1921 555 2004 λέξοντας
576 1929 651 2014 ἔντη.

200 2027 255 2094 σοὶ
278 2020 308 2093 d'
330 2019 370 2118 ἤν
390 2051 442 2106 τις
463 2027 514 2114 δῷ
533 2023 613 2104 τούς
633 2029 723 2114 τρεῖς
744 2021 895 2112 ὀβόλσυς.

120 2150 219 2231 Neque
241 2153 367 2232 elegans
389 2161 437 2214 est
458 2171 583 2231 versuS,
609 2153 697 2213 ouius
719 2161 849 2232 quartus
872 2171 927 2234 pes
943 2171 1020 2215 voce
1039 2156 1201 2235 monosyl-

115 2255 183 2318 laba
199 2256 322 2318 finitur:
348 2257 405 2318 etsi
424 2256 541 2338 aliquot
562 2255 739 2318 huiusmodi
755 2256 897 2336 exempla
921 2258 1139 2319 inveniuntur:
1164 2267 1200 2320 ut

111 2361 142 2421 in
158 2360 217 2440 Eq.
238 2359 311 2422 525.

199 2473 362 2566 ἐξεβλήθη
384 2471 569 2564 πρεσβύτης
590 2467 646 2540 dv.

110 2601 190 2664 Vide
206 2600 310 2664 dehis
326 2601 420 2664 rebus
436 2599 579 2664 omnibus
595 2601 693 2662 Elem.
712 2599 744 2663 d.
764 2619 805 2662 m.
824 2620 855 2682 p.
877 2603 948 2664 399.
969 2621 1056 2682 seqq.

198 2805 316 2891 §386-
342 2809 409 2870 Non
436 2809 592 2871 invenitur
612 2810 645 2870 in
667 2809 716 2870 his
737 2808 881 2872 versibus
908 2810 1199 2891 proceleusmaticus

114 2931 166 2992 pro
181 2921 351 2992 anapaesto
373 2913 509 2993 positus,
533 2931 591 2974 neo
612 2911 754 2993 dactylus
770 2923 920 2993 sequente
935 2924 1117 2996 anapaesto,
1141 2917 1200 2976 nisi

113 3017 153 3077 ita
169 3025 206 3078 ut
227 3015 370 3094 dactylus
393 3025 539 3096 quartum
560 3017 661 3078 looum
684 3025 796 3078 teneat.
830 3015 922 3090 Quod
936 3019 993 3079 etsi
1008 3020 1199 3082 rarissimum

112 3127 168 3197 est,
196 3127 301 3179 tamen
322 3137 383 3180 non
398 3121 494 3200 magis
510 3119 695 3202 reprehendi
715 3128 833 3202 potest,
860 3140 954 3202 quam
974 3122 1083 3184 eadem
1098 3125 1130 3184 in
1147 3122 1201 3185 di-

114 3223 220 3284 metris
237 3219 350 3302 dactyli
365 3233 396 3286 et
411 3225 568 3304 anapaesti
583 3225 771 3304 coniunctio,
791 3223 830 3286 do
846 3243 908 3306 qua
923 3227 1073 3286 monitum
1088 3225 1106 3308 §
1123 3229 1195 3289 369.

110 3323 267 3408 aristoph.
286 3327 377 3407 Vesp.
398 3329 470 3389 397.

200 3439 302 3509 αὑτὸν
317 3440 430 3531 δήσας,
448 3433 687 3531 ὦμιαριῦτατε,
699 3439 735 3510 σι’
748 3446 879 3526 ποιεῖς,·
895 3437 931 3509 σι’
946 3441 992 3532 μὴ
1004 3443 1197 3536 καταβήσει.

200 3667 317 3753 5387.
344 3671 491 3750 Dactylns
513 3671 604 3734 etiam
626 3673 702 3734 alias
724 3689 793 3733 raro
816 3680 957 3752 quartam
981 3673 1088 3736 sedem
1103 3683 1196 3753 tenet,

114 3793 177 3836 non
191 3775 243 3837 ille
258 3783 361 3838 umen
376 3783 502 3858 propter
515 3777 689 3855 raritatem,
711 3784 747 3836 ut
760 3776 891 3837 Porsono
906 3778 1020 3858 visum,
1040 3779 1200 3860 corrigen-

115 3878 184 3942 dus.
210 3877 366 3960 Aristoph.
386 3880 477 3959 Vesp.
497 3881 570 3941 350.
589 3877 670 3941 Nub.
691 3881 764 3940 326.

202 3992 292 4062 ἔστιν
302 3989 373 4086 dni]
390 3989 479 4086 δῆθ’,
495 3989 594 4086 ἥντιν’
611 3989 652 4062 dv
667 3991 807 4063 ἔνδοθεν
822 3985 894 4073 οἶός
909 3991 933 4060 r'
951 3990 1021 4085 εἰἠς
1037 3997 1199 4086 διορύξαι.

201 4096 247 4178 (λς
269 4093 308 4165 αὖ
328 4104 486 4187 καθορῶ·
512 4097 606 4186 παρὰ
627 4097 685 4188 τὴν
705 4093 854 4178 εἷ’ςαόαν·
877 4091 939 4188 i'dq
959 4105 1015 4166 νῦν
1037 4095 1084 4178 ὡς
1101 4097 1201 4184 μόλις

775 4227 889 4282 αυτας.

118 4326 152 4387 V.
170 4327 268 4390 Elem.
287 4326 318 4390 d.
338 4347 380 4388 m.
398 4346 429 4408 p.
451 4327 523 4390 tot.
543 4345 607 4407 seq.

169 4445 286 4486 llos-manni
295 4445 395 4496 nortona
406 4444 473 4486 doctr.
485 4445 596 4486 metricae.
