2930 4962
247 403 274 448 ru
336 393 365 457 ·’,
704 403 874 448 euasurum.

248 555 381 640 exprimi
396 574 579 620 caussarum
594 559 687 638 atque
703 555 870 621 effectuum
886 549 1076 622 consociatio
1091 555 1225 635 dicatur,
1239 577 1333 640 quum
1456 553 1457 580 ³

247 671 353 728 tamen
369 669 511 747 tempora
525 663 596 746 ipsa
611 682 668 746 per
683 681 795 728 senon
810 663 897 727 aliud
912 682 951 728 er
967 663 1030 729 alio
1041 670 1221 730 nascantur.
1247 663 1335 742 Quo

247 771 332 834 niam
355 770 439 834 enim
459 769 623 835 brevitatis
643 789 756 835 caussa
776 789 872 854 saepe
893 770 933 835 de
952 771 1145 855 temporibus
1167 772 1212 838 ita
1232 771 1335 856 loqui-

147 863 152 876 ’
248 897 328 957 mur,
345 883 505 960 tamquam
521 876 548 942 si
564 876 635 960 ipsa
649 895 782 942 caussae
798 877 987 962 effectusque
1003 878 1077 956 sint,
1095 879 1332 958 obliviscuntur,

247 985 332 1069 quod
355 1004 479 1068 semper
492 984 637 1050 volumus
651 983 803 1067 intelligi,
828 984 999 1068 imaginem
1014 992 1136 1052 tantum
1152 1005 1335 1052 caussarum

249 1092 479 1158 consecutionis
490 1110 561 1157 csse
576 1109 733 1156 numeros.
760 1091 870 1175 Imago
884 1099 990 1158 autem
1005 1092 1084 1158 illud
1099 1100 1159 1171 est,
1173 1094 1256 1177 quod
1271 1113 1335 1159 non

249 1206 361 1285 suapte
376 1198 512 1282 quadarn
527 1204 641 1262 natura
655 1205 711 1263 aut
724 1199 913 1264 necessitate
927 1200 990 1265 tale
1006 1207 1065 1278 est,
1090 1202 1183 1283 quale
1198 1207 1257 1281 cst,
1278 1200 1335 1266 sed

248 1307 332 1391 quod
353 1312 537 1392 propterea,
562 1311 596 1370 ut
618 1305 755 1388 speciem
770 1306 886 1372 referat
900 1307 982 1372 alius
997 1307 1060 1385 rei,
1086 1308 1232 1388 easdem,
1257 1328 1336 1392 quas

249 1416 306 1480 illa
327 1434 395 1491 res,
424 1419 531 1498 partes
552 1411 832 1497 proportionesque
855 1414 991 1498 partium
1014 1414 1119 1481 habet.
1155 1414 1214 1480 His
1239 1414 1336 1498 igitur

250 1522 385 1599 suadeo,
414 1528 449 1586 ut
473 1520 556 1585 hanc
582 1537 705 1585 omnem
727 1520 880 1586 rationem
900 1521 933 1585 in
957 1521 1111 1588 eiusmodi
1138 1522 1336 1606 potissimum

249 1628 403 1712 exemplis
432 1627 648 1704 considerent,
679 1627 712 1691 iu
742 1627 855 1710 quibus
881 1648 1029 1696 numerus
1058 1631 1141 1696 inest
1165 1649 1236 1694 cum
1261 1649 1337 1696 vera

249 1755 432 1802 caussarum
461 1741 555 1818 atque
585 1735 752 1800 effectuum
781 1737 999 1818 progressione
1028 1738 1224 1804 coniunctus.
1263 1737 1337 1802 Non

250 1850 323 1910 sunt
345 1850 450 1909 autern
472 1843 538 1908 ulla
557 1841 599 1908 ad
620 1842 704 1908 bunc
724 1841 819 1908 finem
840 1843 942 1926 magis
964 1850 1041 1929 apta
1056 1847 1217 1929 exempla,
1242 1865 1337 1929 quarn

250 1972 332 2036 quae
352 1952 394 2016 ab
408 1951 551 2027 incessu,
574 1969 684 2029 cursu,
708 1951 790 2016 saltu
805 1951 855 2015 vel
871 1951 1032 2018 hominum
1048 1954 1099 2018 vel
1114 1971 1264 2036 equorum
1279 1953 1338 2018 de-

250 2065 444 2143 promuntur.
469 2058 573 2124 Vnum
589 2056 733 2135 afferam,
747 2076 787 2123 ex
802 2078 864 2140 quo
879 2058 1013 2142 intelligi
1028 2059 1152 2144 poterit,
1168 2080 1222 2126 cur
1236 2059 1335 2138 basis,

251 2187 346 2250 quarn
359 2184 521 2242 vocamus,
539 2183 663 2248 semper
678 2171 752 2232 ante
765 2165 870 2245 arsin,
895 2187 1065 2249 numquam
1080 2174 1154 2232 ante
1169 2167 1338 2234 anacrusin

251 2273 440 2340 inveniatur.
472 2271 535 2350 Qui
549 2292 612 2336 non
628 2291 646 2336 e
660 2291 765 2351 cursu,
791 2271 847 2337 sed
862 2293 901 2356 ex
916 2273 997 2358 ipso,
1022 2273 1056 2338 iu
1071 2295 1132 2357 quo
1147 2279 1244 2352 stant,
1269 2276 1337 2340 loco

64 2397 72 2412 '
122 2446 126 2456 ,
251 2381 385 2467 pedibus
400 2379 515 2446 iunctis
529 2381 581 2445 vel
596 2379 714 2445 fossam
729 2379 780 2445 vel
796 2379 902 2444 funem
917 2379 1091 2447 transsiliie
1106 2382 1226 2459 volunt,
1247 2382 1337 2448 colli-

251 2488 426 2573 gendarum
441 2487 555 2554 virium
571 2505 685 2553 caussa
699 2486 800 2570 primo
815 2485 864 2550 bis
880 2487 1024 2554 subsilire
1045 2488 1163 2568 solent,
1187 2495 1253 2556 tum
1274 2496 1338 2554 ter-

250 2598 341 2675 tium,
355 2595 494 2663 collectis
505 2595 637 2674 viribus,
650 2594 751 2670 illum,
761 2612 854 2675 quem
868 2595 1027 2673 volebant,
1042 2597 1157 2662 saltum
1169 2603 1334 2681 peragunt.

252 2706 333 2770 Eum
348 2703 508 2788 geminum
523 2702 697 2768 subsultum
712 2701 799 2766 basis
814 2701 920 2768 refert.
953 2703 1046 2768 Nunc
1064 2704 1210 2770 subsiliat
1223 2704 1338 2788 aliquis

252 2815 315 2890 ita,
340 2817 372 2878 et
390 2810 505 2876 deinde
525 2828 587 2873 uuo
609 2808 690 2892 pede
708 2827 852 2892 gressum
875 2810 971 2876 faciat
986 2811 1028 2876 ad
1042 2811 1193 2895 impetum
1209 2812 1339 2896 capien-

253 2921 339 2997 dum,
364 2918 583 2984 altercantem
597 2921 712 2980 terram
730 2915 851 2999 pellens
866 2917 1058 2983 transsiliat:
1083 2919 1190 2984 statim
1205 2917 1336 2997 videbit,

252 3045 363 3111 gressu
378 3025 444 3102 illo,
459 3043 520 3107 quo
534 3023 686 3106 impetum
702 3023 858 3106 capiebat,
876 3024 928 3106 qui
943 3043 1071 3108 gressus
1079 3027 1135 3092 'est
1149 3045 1338 3092 anacruseos

253 3136 342 3211 loco,
366 3132 514 3198 collectas
536 3129 729 3195 subsiliendo
749 3129 832 3197 vires
852 3151 975 3198 rursum
995 3131 1128 3210 dimitti,
1154 3154 1339 3218 omnemque

253 3241 342 3307 illam
357 3238 617 3305 subsultationem
632 3237 775 3302 inutilem
790 3239 891 3306 reddi.

340 3345 537 3424 Secundum,
561 3344 644 3427 quod
659 3345 800 3428 plerique
815 3346 997 3430 negligunt,
1020 3348 1202 3414 exercitatio
1217 3348 1339 3414 aurium

255 3459 313 3521 est.
344 3453 429 3518 Nam
451 3452 535 3535 quod
553 3452 592 3518 de
607 3452 860 3536 pronuntiatione
874 3453 1080 3538 quorumdam
1095 3456 1260 3522 verborum
1274 3455 1341 3522 Va-

255 3563 351 3636 lerius
365 3559 485 3625 Probus
500 3559 585 3642 apud
601 3559 737 3626 Gellium
752 3560 798 3626 ait
819 3562 873 3628 lib.
892 3562 984 3628 XIII.
1003 3581 1031 3626 c.
1051 3566 1103 3626 20.
1121 3585 1179 3626 noc
1192 3566 1340 3645 fictitiaque

256 3673 324 3734 illos
340 3669 569 3751 'praerancidas
595 3688 691 3750 neque
712 3669 875 3750 sociatione
899 3672 1116 3752 grammaticos
1141 3672 1337 3751 spectaverit,
1429 3743 1434 3751 Ι

256 3779 309 3841 sed
324 3794 430 3838 aarum
446 3783 529 3836 tuom
544 3778 709 3858 iuterroqo,
726 3797 783 3860 qao
796 3779 869 3858 quid
884 3778 945 3838 loco
959 3777 1114 3839 conueniat
1128 3763 1342 3860 diccrct'quod

256 3887 310 3947 illo
325 3883 468 3959 alluserit,
492 3882 527 3945 td
538 3884 670 3965 profecto
686 3885 743 3946 erit
764 3885 963 3946 rectissimum
971 3905 981 3977 ,³
1005 3880 1108 3962 magis
1122 3879 1218 3945 etiam
1232 3880 1265 3945 iu
1280 3900 1341 3968 nu·

174 4009 178 4020 ·
257 3987 515 4071 mcrosquadral.
541 3987 606 4055 Sed
618 3993 652 4054 ut
663 3988 866 4054 instituantur
877 4006 970 4054 aures
984 3986 1027 4051 ad
1038 4005 1109 4052 eam
1121 3985 1338 4065 subtilitatem,

133 4101 143 4110 “
257 4117 319 4181 qua
338 4097 371 4160 in
393 4095 452 4161 hoc
467 4116 582 4179 genere
597 4115 677 4180 opus
698 4101 765 4170 est,
790 4100 864 4160 ante
884 4093 1180 4178 omniarecitatioui
1195 4083 1342 4160 versuum

257 4224 386 4290 operam
400 4202 495 4283 dare,
520 4204 680 4284 multaque
701 4221 771 4267 eam
787 4200 1010 4269 exercitatione
1025 4202 1169 4268 excolere
1183 4201 1338 4268 convenit.
