2922 4948
242 371 305 434 212
642 387 699 433 tre.
718 390 762 433 ru.
789 387 852 433 car.
871 387 928 433 m.

326 543 443 626 §582
476 545 576 624 Aliae,
602 564 701 625 eaque
723 543 969 624 frequentissima
987 545 1063 605 ratio
1078 543 1175 606 luisse
1192 542 1317 624 videtur,

240 671 279 713 ex
295 651 454 731 quaternis
471 648 627 727 versibus,
654 667 786 729 quorum
802 657 856 711 aut
877 658 939 709 tres
961 655 1015 709 eut
1030 646 1093 710 duo
1108 646 1214 709 eodem
1231 657 1322 708 metro

240 763 353 834 essent,
373 752 645 834 componebantur,
664 762 700 815 ut
714 753 806 814 haec:

328 876 470 940 scriberis
488 876 577 938 Vario
592 873 683 954 sortis
697 882 727 937 et
740 874 866 937 bostium

326 981 422 1043 victor
437 979 569 1042 Maeonii
582 980 728 1041 corruistis
743 976 823 1056 alite,

326 1103 417 1168 quum
432 1103 496 1146 rem
512 1101 637 1165 cumque
652 1081 746 1162 fereae
760 1082 890 1144 nauibus
905 1089 958 1143 aut
973 1081 1057 1162 equis

370 1188 454 1250 miles
469 1195 496 1249 tc
511 1185 584 1249 duce
599 1187 733 1269 perserit.

239 1302 294 1364 Vel

325 1415 390 1494 quis
405 1413 501 1474 urtella
516 1412 643 1494 praellis
660 1420 687 1474 tc
699 1430 779 1494 puer
794 1411 825 1472 iu
840 1430 917 1474 rosa·

322 1515 471 1597 perfusus
488 1517 610 1597 liquidis
623 1523 734 1598 urpuet
747 1514 888 1579 odoribus

367 1626 465 1701 prato,
484 1620 613 1702 Pyrrha,
632 1619 687 1682 sub
703 1620 814 1681 acho?

412 1723 463 1784 cul
473 1722 586 1803 flavam
602 1725 715 1806 relipus
729 1723 870 1784 comam?

325 1929 445 2012 §583.
484 1933 530 1994 Ex
556 1931 604 1992 bis
627 1943 704 2011 tres,
734 1949 814 2010 quae
838 1931 971 1991 maxime
999 1932 1214 1994 memorabiles
1240 1943 1322 2012 sunt,

240 2036 558 2098 commemorabimus,
586 2019 706 2096 ¹Primo
740 2035 980 2115 Sapphicam
1015 2037 1190 2116 stropham,
1233 2055 1324 2116 quam

242 2141 366 2222 Sappho
380 2141 420 2202 ita
437 2140 618 2221 composuit,
638 2150 673 2202 ut
688 2139 760 2200 huic
775 2139 894 2202 versui:

324 2246 591 2299 :mmmm

241 2368 287 2417 ter
305 2358 433 2438 repetito
454 2355 638 2418 adiiceretur
652 2353 800 2418 Adonius.
833 2353 877 2416 Αο
893 2356 1018 2436 Sappho
1034 2366 1114 2418 recte
1137 2376 1235 2437 quum
1252 2375 1327 2427 cee-

239 2479 326 2541 sura,
353 2462 378 2522 si
402 2479 462 2542 qua
483 2479 562 2542 opus
583 2469 631 2522 est
650 2460 682 2522 in
704 2469 767 2522 tam
782 2459 870 2521 brevi
885 2478 995 2538 versu,
1022 2462 1053 2520 in
1077 2471 1185 2541 quarta
1207 2461 1325 2542 syllaba

238 2564 378 2626 iacienda
394 2575 492 2644 esset,
519 2573 550 2626 et
565 2563 637 2625 iecit
650 2563 730 2624 hanc
745 2581 920 2642 caesuram,
938 2573 970 2625 et
984 2565 1132 2644 neglexit,
1152 2565 1326 2647 syllabam·
1434 2567 1435 2576 ’

241 2688 303 2749 que
319 2670 416 2750 ipsam
433 2688 525 2750 passa
540 2677 587 2729 est
602 2667 765 2746 ancipitem
781 2687 866 2730 esse:

326 2771 560 2863 noantltuoor'
584 2770 728 2842 ἀθάνατ’
750 2771 945 2867 Ἀφροδίτα,

326 2883 392 2946 παῖ
413 2879 500 2959 Διὸς
521 2874 718 2960 δολόπλοκε,
741 2876 905 2963 λίσσομαί
923 2902 974 2960 οε,

325 2981 369 3073 μή
391 2976 426 3067 μ’
450 2975 577 3065 ἄσαισι,
599 2977 676 3070 μηδ’
697 2977 828 3069 ἀνίαισι
848 2979 969 3066 δάμνα,

368 3083 502 3168 πότνια,
526 3079 647 3169 θυμόν.
908 3103 910 3108 ’

241 3213 376 3294 Eiusque
402 3212 579 3292 exemplum
606 3221 732 3273 secutus
757 3222 805 3274 est
827 3213 977 3274 Catullus.
1012 3210 1148 3292 Eadem,
1178 3215 1205 3275 si
1230 3213 1323 3276 verba

241 3316 373 3379 duorum
389 3335 538 3379 versuum
553 3317 666 3377 arctius
682 3317 897 3392 cohaererent,
924 3335 986 3377 non
1001 3315 1154 3377 dubitavit
1168 3317 1324 3379 elisionem

239 3423 270 3482 in
287 3423 347 3484 line
362 3421 476 3502 iacere,
500 3429 531 3482 et
551 3421 675 3482 tertium
697 3427 906 3499 quartumque
922 3439 1047 3482 versum
1062 3419 1161 3481 diviso
1177 3421 1325 3484 vocabulo

128 3583 136 3598 ,
240 3535 371 3606 nectere,
390 3534 442 3587 ut:
520 3522 523 3527 ’
1109 3529 1115 3533 “

326 3637 412 3708 ἀλλὰ
433 3640 501 3726 κὰμ
522 3641 583 3728 μὲν
605 3642 738 3731 γλῶσσα
761 3637 848 3729 ἔαγε,
871 3638 993 3708 λεπτὸν
1016 3636 1046 3708 δ’

326 3740 447 3812 αὐτίκα
469 3751 537 3832 χρῶ
558 3750 626 3834 πῦρ
648 3741 932 3832 ὖποόεδρόμακον,

327 3845 519 3916 condusam
540 3843 570 3914 δ’
593 3844 689 3916 οὐδὲν
711 3844 817 3938 ὅρημ’,
840 3846 1000 3938 ἐπιρῤομ-

367 3956 464 4039 βεῦσι
488 3945 517 4018 δ’
541 3943 672 4019 ὂῖκοοαι.

120 4041 122 4045 ¹
240 4047 411 4157 Vtrumque
426 4077 499 4139 fecit
513 4077 604 4139 etiam
621 4078 773 4157 Horatius,
792 4037 828 4140 ut
842 4077 876 4138 Π.
898 4079 927 4157 9,
946 4079 995 4138 t7.
1018 4079 1067 4158 l6,
1084 4081 1134 4140 3t.
1160 4080 1207 4142 tv.
1224 4082 1254 4160 2,
1271 4080 1318 4140 29.

239 4189 270 4242 et
291 4182 313 4242 l.
334 4182 363 4261 2,
385 4181 435 4243 ta.
461 4182 512 4262 ΞΒ,
535 4183 583 4243 Η.
617 4181 652 4244 ΙΙ.
676 4185 725 4261 lb,
746 4181 774 4242 7.
810 4180 998 4262 titubat.
1033 4183 1079 4243 tv.
1101 4184 1130 4261 9,
1151 4183 1201 4243 23.
1228 4202 1318 4248 carm.

240 4305 318 4347 saec.
341 4285 390 4348 tt.
