2930 4962
429 394 465 435 DE
482 391 599 436 NVHERO
615 389 834 436 inclausum.

170 545 199 626 9
216 542 295 610 220.
322 547 411 610 Nunc
426 547 483 608 hac
498 535 605 624 torma,
624 559 705 625 qnae
721 545 969 625 frequentissima
985 555 1049 606 cst:

171 671 242 703 υ...
272 669 499 704 ...vv-ux

196 792 316 824 WW
367 793 419 826 w

78 887 266 972 Aeschylus
281 889 370 972 Sept
385 889 426 953 ad
442 889 537 952 Thob.
560 891 631 952 tat.
653 891 724 952 725.
748 891 761 950 i
767 891 818 952 39.
841 892 853 950 t
864 892 909 952 ita

176 1007 324 1093 Ᾱργεῖοι
346 1003 384 1074 δὲ
405 1003 557 1090 πόλισμα
581 1003 731 1090 Κάδμου.

177 1104 373 1196 κινύρονται
394 1105 497 1200 φόνον
518 1103 661 1192 χαλινοί.

178 1207 355 1300 ἰχθυβόλῳ
379 1215 513 1302 μαχανᾷ
534 1210 717 1278 Ποσειδᾶν.

174 1311 236 1381 καὶ
258 1310 404 1398 Κύπρις,
428 1311 488 1382 ὅτε
509 1311 623 1402 γένους
644 1311 838 1404 προμάτωρ.

86 1438 180 1514 Quod
197 1457 298 1520 genus
313 1437 486 1501 cavendum
504 1458 542 1502 ne
557 1439 764 1503 confundatur
778 1460 848 1502 cum
872 1437 1051 1521 logaoodiois
1067 1461 1183 1504 numo-

90 1546 149 1622 ris‚
174 1541 234 1603 ubi
251 1561 268 1603 a
285 1540 408 1605 duobus
424 1541 554 1623 dactylis
568 1544 691 1626 incipit,
718 1552 754 1607 ut
774 1563 867 1626 quem
883 1552 1073 1626 postremum
1086 1546 1183 1608 attuli

95 1665 229 1710 versum.
258 1645 311 1708 Sic
324 1645 417 1708 ctiam
433 1645 465 1708 in
480 1646 579 1710 Persis
595 1644 667 1710 288.

176 1757 313 1854 ἔκτισαν
336 1749 544 1852 εὔνιδας-ἧδ’
567 1753 760 1851 ἀνάνδρως.

90 1890 192 1950 Monet
214 1895 320 1949 autom
342 1902 427 1947 nunc
442 1886 588 1950 universa
602 1887 798 1966 stropharum
814 1887 1009 1968 compositio,
1035 1907 1098 1970 quo
1117 1909 1182 1952 nu-

96 2009 181 2052 mero
201 1989 277 2070 sint,
303 2007 388 2052 nunc
410 1987 649 2072 antistrophicus
670 1987 877 2072 logaocdioum
900 2009 1066 2054 nnmerum
1083 2010 1182 2088 repn-

12 2103 13 2108 ’
102 2092 199 2170 dians,
216 2094 293 2155 utin
309 2091 428 2154 Persis:

183 2203 315 2290 ἔθεσαν,
338 2199 378 2274 αἶ
400 2198 449 2291 αῖ,
472 2210 617 2297 στρατοῦ
638 2205 838 2298 φθαρέντος.

93 2335 136 2394 Do
152 2333 207 2395 hoo
221 2341 321 2396 metro
336 2333 436 2413 iisque
451 2351 533 2413 quae
548 2329 566 2414 §
582 2331 655 2393 222.
676 2331 852 2413 offerentur,
876 2333 1091 2398 disseruerunt
1106 2337 1182 2398 Rei-

90 2440 185 2512 sigius
207 2438 241 2499 in
263 2443 427 2498 comment.
447 2436 514 2498 crit
540 2434 581 2498 ad
603 2433 681 2497 Ocd.
701 2437 764 2500 Col.
789 2457 821 2519 p.
842 2437 914 2499 tat.
952 2437 1116 2500 Elmsleius
1142 2437 1183 2502 ad

90 2540 166 2602 Ood.
187 2539 252 2602 Col.
275 2542 347 2602 700.
385 2539 555 2600 Boeckhius
581 2540 613 2599 in
639 2541 767 2620 praefat.
791 2540 874 2602 lectt.
900 2537 1008 2602 aestio.
1035 2561 1062 2602 a.
1085 2543 1179 2605 4827.

91 2641 277 2705 Gottholdus
303 2643 335 2704 in
362 2641 458 2704 lahnii
483 2637 709 2704 Ᾱαηο1.4828.
737 2641 809 2706 iaso.
837 2649 866 2705 3.
911 2643 1004 2706 Recto
1033 2641 1183 2706 iudicavit

95 2748 193 2807 iiorm.
222 2744 442 2808 Weissenborn
475 2746 508 2808 in
537 2743 749 2809 dissertatione
782 2745 822 2810 de
852 2746 995 2810 versibus
1028 2747 1181 2810 innibico-

94 2849 310 2932 antispasticis.

176 3054 201 3137 5
216 3051 294 3119 221.
320 3053 414 3119 Aliud
428 3073 537 3140 genus,
556 3071 618 3119 non
633 3053 711 3120 illud
725 3073 841 3138 rarum,
861 3055 996 3121 honest:
1079 3073 1095 3140 ᾖ

177 3180 202 3214 υ
216 3165 241 3214 .’.
275 3165 300 3212 .’
314 3162 340 3212 ῦ
349 3161 375 3213 ῦ
390 3168 414 3215 L
428 3183 527 3216 υ.υυ
1079 3171 1084 3178 “

198 3303 318 3336 υυυυ
373 3303 424 3336 W

94 3397 202 3463 Aesch.
221 3402 255 3463 S.
273 3399 316 3463 ad
331 3402 387 3463 Th.
407 3404 480 3464 362.
501 3403 574 3464 372.
600 3400 710 3484 Suppl.
731 3399 803 3463 300.

177 3509 238 3583 τίν’
256 3511 292 3583 ἐκ
306 3509 404 3582 τῶνδ’
420 3511 556 3584 εἰκάσαι
572 3509 671 3606 λόγος
685 3513 789 3604 πάρα.

178 3615 400 3706 παγκλαύτων
415 3613 544 3707 ἀλγέων
558 3613 753 3708 ἐπίρροθον.

177 3719 270 3806 μένει
285 3744 340 3788 τοι
354 3720 464 3810 Ζηνὸς
478 3718 610 3790 inscios
626 3719 733 3802 κότος.

95 3849 192 3920 Quom
211 3867 251 3910 cx
275 3844 477 3929 Sirppiiciims
496 3863 622 3913 vorsum
644 3851 736 3930 posui
758 3855 922 3933 corruptus
944 3861 1001 3916 cst.
1035 3851 1181 3916 Dochmio

96 3949 270 4014 subiectum
284 3952 369 4015 hunc
383 3951 550 4015 iambicum
564 3950 636 4016 vide
650 3951 729 4016 inira
743 3952 762 4038 §
779 3955 851 4017 aas.

178 4157 203 4237 ᾖ
222 4153 300 4222 222.
341 4157 618 4239 qunentissimae
643 4169 719 4223 sunt
739 4161 824 4244 apud
851 4164 980 4242 tragicos
1002 4136 1117 4224 iormac
1139 4181 1180 4225 cx

12 4331 13 4356 3
99 4257 204 4323 iambis
225 4263 293 4326 istis
313 4263 381 4328 sinc
402 4263 572 4346 antispasto
593 4265 794 4348 compositae:
819 4281 952 4347 quarm
975 4279 1057 4346 quac
1076 4268 1179 4332 osito-
