2896 4960
430 395 466 436 nn
482 395 615 437 versinus
631 378 861 440 nnacnrormnie.
1137 379 1191 439 151

92 550 243 630 Scriptor
257 549 401 610 carminis
417 547 573 623 amatorii,
600 545 686 627 quod
700 548 721 608 1.
742 545 777 609 Α.
798 549 963 610 Cramcrus
985 550 1017 610 in
1033 548 1195 612 Anecdctis
1226 595 1231 607 .
1288 623 1290 627 Ι

91 653 328 714 Parisiensibus
350 651 411 713 vol.
430 651 477 712 lv.
502 670 534 732 p.
556 651 627 711 380.
655 645 768 712 dehinc
789 654 894 713 autem
917 650 972 713 Th.
993 653 1139 732 Bergkiua
1163 655 1195 714 in

91 756 197 818 Poetis
215 756 322 835 lyricis
337 775 369 835 p.
391 755 462 816 739.
482 751 588 833 edidit,
607 753 634 814 εἰ
649 754 774 834 scripsit
790 773 819 816 v.
839 755 892 817 23.
1040 751 1043 756 ’

183 881 302 947 παῖδα
325 874 523 965 ὀϊστοβόλον
545 873 778 968 Ᾰφρογενείης
812 893 816 902 ·

183 977 346 1072 εὐγενέων
368 979 518 1072 λογάδων
541 975 682 1073 φεύγετε
704 982 838 1064 παῖδες,

92 1124 198 1190 videri
215 1134 335 1207 potest,
361 1115 507 1206 quoniam
529 1132 705 1188 constanter
722 1126 813 1190 istem
829 1141 988 1188 caesuram
1004 1124 1190 1208 observavit,

92 1232 177 1292 hanc
193 1231 288 1292 metri
303 1229 435 1292 formam
451 1236 576 1292 secutus
592 1245 677 1292 esse:

182 1383 315 1434 wL..
342 1348 549 1432 othssw..

198 1469 418 1553 ,como

94 1627 162 1688 Non
179 1637 231 1690 εει
247 1628 281 1690 id
296 1637 400 1690 tamen
416 1626 606 1707 verisimile,
626 1623 682 1688 sed
698 1626 811 1689 ostilio
827 1626 885 1688 hac
899 1626 996 1690 forma
1012 1649 1106 1692 usus:
1202 1641 1204 1647 “

182 1762 239 1795 w
253 1747 277 1795 .‘.
292 1785 313 1794 ..
379 1744 479 1794 wL-
543 1743 642 1793 utu-¹...

198 1889 222 1897 ..
245 1865 318 1898 W..

95 1974 186 2036 Posui
202 1982 304 2037 totum
322 1991 446 2034 carmen
461 1969 572 2054 poetae
586 1990 644 2033 nec
658 1969 822 2052 prosodiae
835 1973 978 2052 imperiti,
1004 1991 1061 2035 nec
1076 1971 1192 2039 fluvia-

95 2077 164 2140 tiles
177 2075 330 2140 Nereides
345 2075 519 2155 commenti,
535 2076 683 2155 quoniam·
697 2075 843 2156 singulari
858 2075 987 2138 artificio
1000 2077 1191 2140 elaboratum

96 2191 152 2243 cst.
195 2182 343 2245 Continet
364 2181 421 2242 tria
445 2187 611 2261 systemata
634 2171 720 2240 κατὰ
742 2172 931 2265 περικοπὴν
953 2169 1188 2266 ἀνομοιομερῆ

97 2303 234 2363 quorum
256 2287 339 2366 prior
365 2302 437 2362 pars
460 2282 539 2346 duas
560 2291 746 2363 quaternum
770 2282 971 2346 dimetrorum
994 2285 1135 2366 strophas
1161 2296 1192 2349 et

97 2389 257 2467 cuculium
273 2387 373 2451 duum
389 2388 614 2467 trimetrorum,
639 2385 734 2448 altera
758 2395 820 2449 tres
835 2385 1021 2467 quaternum
1039 2388 1191 2452 dimetro-

99 2509 166 2553 rum
182 2492 330 2571 strophas
346 2498 378 2553 et
392 2493 465 2552 item
481 2489 579 2554 duum
596 2491 804 2554 trimetrorum
820 2489 978 2556 cuculiuur
999 2492 1102 2554 habet.
1137 2493 1190 2555 His

98 2595 216 2659 accedit
231 2598 321 2676 quasi
336 2605 390 2674 pro
403 2593 501 2674 epodo
516 2592 602 2658 aliud
616 2612 656 2658 cx
671 2593 771 2658 tribus
786 2594 928 2676 partibus
939 2603 1085 2675 systema,
1101 2596 1190 2658 cuius

98 2699 195 2777 prima
225 2709 258 2762 ει
283 2700 371 2762 tertia
392 2718 466 2780 pars
489 2698 617 2762 caedem
643 2707 733 2776 sunt,
767 2701 905 2779 quaein
931 2698 1190 2781 praecedentibus

99 2805 294 2883 systematis,
321 2822 401 2883 quae
417 2811 521 2864 autem
540 2802 691 2865 interires
708 2801 808 2864 media
825 2812 874 2866 εει
888 2802 1025 2866 secunda
1041 2821 1112 2882 pars
1127 2823 1189 2866 una

100 2915 221 2970 tantum
245 2908 369 2987 stropha
386 2915 416 2968 et
431 2903 555 2968 cucuiio
566 2903 751 2968 absolvitur:
778 2905 809 2968 id
832 2907 949 2969 iactum
964 2915 1078 2987 osteo,
1105 2907 1191 2987 quod

102 3009 300 3074 interlocutor
314 3020 362 3073 εει
377 3009 571 3074 introductus
586 3029 616 3071 v.
637 3011 775 3073 89-96,

349 3139 516 3219 novenae
537 3131 640 3219 μέσον
661 3136 817 3202 κατεῖδον

309 3235 393 3306 ποτὲ
415 3235 473 3304 τὸν
495 3235 592 3325 γόνον
613 3236 786 3330 Κυθὴρης.

308 3338 474 3431 ἐνενήχετο
498 3339 698 3428 προπαίζων

306 3444 391 3531 μετὰ
413 3442 549 3534 Νηΐδων
569 3441 717 3534 χορειης·

351 3546 508 3632 ποταμὸς
528 3546 567 3616 δὲ
586 3545 783 3638 χρυσοδίνης

307 3651 399 3738 ἐβόα,
420 3649 456 3719 τί
477 3651 666 3738 παρπολεῖς
686 3677 729 3737 με
736 3679 747 3734 ,·

306 3754 343 3826 τί
362 3781 415 3842 με,
439 3752 591 3839 παιδίον,
616 3751 805 3847 φλογίζειςς

307 3855 366 3928 ἀπ’
390 3859 477 3945 ἐμῶν
499 3852 634 3926 ἔπελθε
656 3855 811 3949 ῥείθρων.

255 3961 452 4050 πλοκάμους
472 3959 694 4052 χρυσοχῦτοος
713 3963 834 4047 θάὕμα
859 3960 997 4033 ἰδέσθαι

190 4077 227 4136 ιθ
252 4061 390 4156 ὃἚρως
410 4072 471 4156 τῆς
490 4064 632 4157 Παφίης
654 4058 723 4150 εἶχε
743 4064 884 4158 captive).

351 4165 391 4238 tv
413 4167 492 4237 ἰδών
516 4167 579 4258 ἐγώ
601 4164 667 4236 τότ’
692 4165 787 4253 ἔσχον

309 4270 498 4360 ἐπιθυμίαν
519 4276 695 4365 κρατῆσαι,
