2930 4962
597 401 766 444 ruarmo.
1104 450 1109 474 i
1124 409 1134 436 ⁴·
1208 403 1226 444 V

137 548 211 628 Qua
224 549 259 614 in
274 569 309 614 re
323 550 364 615 iis
378 550 522 616 versibus
542 550 666 616 initium
682 553 786 618 facere
804 558 944 638 oportet,
969 553 1022 636 qui
1037 559 1069 618 et
1083 553 1226 620 facillimi

138 663 214 722 sunt
228 663 260 722 et
274 657 437 724 minimam
452 657 619 723 aberrandi
641 660 681 724 ab
702 656 784 725 iusto
804 679 934 726 numero
949 661 1072 744 copiam
1087 659 1223 730 faciunt:

137 785 250 832 versus
282 765 353 832 dico
378 764 520 831 heroicos
546 771 641 849 atque
666 767 839 849 elegiacos,
871 767 1013 850 aliosque
1040 769 1224 854 dactylicos,

137 879 208 938 tum
220 873 322 958 lyrica
336 880 498 958 poctarum
514 873 717 939 Aeolensium
736 880 851 951 metra,
875 879 910 938 ut
924 876 1071 959 strophas
1087 877 1227 963 Sapphi-

137 999 194 1046 cas
217 987 250 1046 ct
270 980 428 1046 Alcaicas.
464 981 521 1045 Est
541 987 646 1046 autem
668 982 775 1046 statim
800 982 841 1048 ab
862 980 952 1046 initio
975 984 1164 1063 curandum,
1193 994 1227 1052 ut

138 1109 203 1154 non
224 1087 323 1154 dubia
344 1095 375 1154 ct
395 1089 568 1167 titubante,
593 1088 650 1154 scd
673 1089 763 1154 firma
784 1095 816 1155 et
836 1089 994 1172 aequabili
1010 1111 1087 1158 voce
1102 1093 1228 1176 singula

138 1195 381 1278 pronuntientur
389 1223 399 1274 ;
422 1203 534 1262 utnon
549 1195 647 1280 pedes
662 1195 778 1279 singuli
794 1197 826 1262 in
842 1197 1086 1281 pronuntiando,
1105 1200 1161 1266 sed
1176 1222 1228 1267 or-

137 1301 231 1368 dines
246 1309 278 1368 et
293 1305 433 1369 membra
447 1323 594 1370 versuum
610 1310 755 1370 notentur
769 1325 808 1370 ac
823 1292 1084 1388 distinguantur}
1093 1306 1227 1391 denique

136 1417 252 1476 utnon
268 1412 336 1477 sola
350 1417 461 1491 metra,
476 1412 533 1477 sed
549 1431 661 1478 sensus
672 1414 849 1491 verborum,
866 1420 1045 1498 partesque,
1060 1433 1099 1494 ex
1114 1414 1227 1498 quibus

137 1524 264 1586 constat
286 1519 403 1597 oratio,
431 1520 734 1604 interpunctionibus
759 1520 817 1586 rite
843 1521 1036 1599 observatis,
1066 1523 1145 1587 bene
1171 1541 1228 1588 ex-

65 1658 71 1672 ·
137 1627 326 1710 primantur.
360 1627 442 1692 Nam
464 1627 517 1710 qui
539 1649 602 1693 non
621 1635 742 1694 mature
757 1627 968 1694 adsueverunt
983 1629 1092 1695 firmae
1113 1635 1144 1694 et
1158 1650 1228 1696 ma-

138 1728 247 1800 sculae
273 1733 476 1812 recitationi„
497 1755 620 1820 semper
643 1735 777 1802 titubare
799 1735 918 1813 solent,
948 1742 996 1814 et,
1026 1737 1100 1802 dum
1127 1758 1229 1822 neque

137 1861 303 1908 mensuras
319 1843 531 1927 syllabarum,
555 1862 656 1927 neque
674 1862 762 1908 arses
777 1850 809 1908 et
830 1843 936 1909 theses
951 1849 1035 1909 recte
1051 1852 1083 1910 ct
1097 1845 1230 1912 tidenter

138 1955 266 2028 notant,
294 1949 439 2014 timidum
462 1949 665 2034 quiddamst
688 1951 842 2016 vacillans
863 1951 1001 2035 proferre
1023 1952 1166 2030 diseunt:
1194 1959 1230 2018 ut

138 2060 238 2123 multo
270 2057 383 2123 melius
412 2057 574 2136 videatur,
607 2058 737 2123 firmiter
761 2059 855 2123 etiam
885 2059 1082 2126 aberrantem
1108 2080 1128 2125 a
1153 2080 1230 2126 vera

138 2165 261 2232 ratione
282 2165 423 2245 numeri,
448 2186 542 2249 quarn
565 2165 771 2244 sicconem,
795 2167 852 2232 scd
866 2166 975 2232 timide
990 2187 1028 2232 ac
1043 2167 1229 2234 vacillanter

140 2273 355 2358 pronuntiare.
386 2273 532 2338 Errorem
547 2273 631 2338 enim
646 2279 733 2339 tanto
748 2273 873 2339 facilius
888 2275 1143 2353 animadvertas,
1168 2296 1230 2359 quo

140 2380 320 2446 distinctius
343 2387 374 2447 et
389 2381 504 2446 certius
526 2379 686 2465 proferas;
712 2381 795 2464 quod
816 2388 941 2458 contra,
966 2382 1147 2460 haesitans,
1171 2402 1230 2449 nec

139 2508 233 2568 vera,
247 2509 306 2555 nec
322 2489 405 2555 falsa
419 2489 545 2571 singula
559 2487 771 2568 intemoscas,
795 2489 980 2572 praesertim
996 2489 1023 2554 si
1039 2490 1230 2573 compositus

141 2597 181 2663 sit
195 2616 357 2675 numerus,
372 2601 427 2662 aut
442 2595 705 2662 contractionibus
721 2601 752 2660 et
767 2595 974 2662 solutionibus
989 2596 1139 2662 variatus.
1166 2596 1237 2662 Sed

140 2705 200 2772 etsi
210 2703 361 2770 facillime
369 2703 452 2768 hanc
460 2702 661 2769 timiditatem
671 2701 788 2768 evitare
800 2703 884 2780 licet,
896 2703 949 2768 ubi
958 2722 1083 2770 versum
1094 2721 1151 2788 per
1163 2704 1230 2768 sin-

140 2815 231 2898 gulos
247 2811 346 2896 pedes
361 2810 497 2876 scandas
505 2851 518 2889 ‚=
537 2817 643 2877 tamen
658 2811 699 2876 ab
710 2811 771 2876 hac
786 2810 913 2894 quidem
928 2810 1049 2876 ratione
1064 2817 1231 2897 propterca

140 2919 363 2988 abstinendum
379 2924 446 2999 est,
471 2919 545 3002 quia
560 2917 657 3002 pedes
672 2917 857 2984 arbitrariae
875 2938 1040 2985 mensurae
1056 2925 1147 2997 sunt,
1173 2941 1230 2986 ne-

140 3049 201 3113 que
223 3035 375 3094 naturam
391 3025 552 3092 continent
574 3025 711 3103 numeri,
737 3046 818 3109 quae
839 3025 1005 3092 dumtaxat
1019 3027 1052 3090 in
1067 3026 1229 3092 ordinibus

141 3135 279 3202 cernitur
294 3142 325 3200 et
341 3115 489 3200 membris
503 3152 663 3198 versuum.
697 3132 801 3210 Quare
817 3143 941 3218 semper
956 3134 1082 3199 ordines
1098 3133 1227 3218 singuli,

140 3265 181 3312 ex
201 3248 411 3327 quotcumque
432 3240 566 3326 pedibus
588 3247 748 3319 constent,
773 3260 850 3306 voce
872 3239 1068 3324 exprimendi
1085 3246 1177 3318 sunt,
1202 3241 1229 3306 si

141 3369 306 3417 numerum
325 3349 453 3414 auribus
470 3354 557 3432 recte
578 3347 732 3414 insinuari
748 3348 901 3414 volumus.
935 3347 1035 3425 Quem
1052 3337 1110 3431 ¹qui
1132 3349 1230 3414 semel

140 3459 268 3546 penitus
284 3455 474 3542 perceperit,
495 3476 558 3521 non
573 3455 666 3521 modo
682 3455 776 3520 nullis
793 3455 998 3520 varietatibus
1013 3473 1230 3520 mensurarum

141 3565 389 3640 conturbabitur,
405 3563 461 3627 sed
477 3563 584 3642 etiam,
599 3562 674 3647 quid
689 3569 797 3647 aptum
812 3561 845 3626 in
857 3581 979 3644 quoque
995 3581 1124 3627 numero
1136 3567 1230 3645 atque

141 3675 272 3757 elegans
288 3672 340 3750 sit,
355 3676 468 3754 sponte
483 3671 723 3736 animadvertet.
748 3669 790 3734 At
805 3689 844 3734 ne
859 3669 919 3734 hoc
931 3669 1057 3752 quidem
1074 3670 1153 3734 satis
1167 3676 1227 3747 est,

142 3780 200 3848 sed
222 3779 302 3845 ratio
323 3775 470 3842 habenda
492 3784 540 3843 est
560 3778 655 3843 etiam
678 3797 790 3844 sensus
811 3778 994 3856 verborum,
1023 3783 1055 3844 et
1077 3777 1226 3861 partium,

142 3904 182 3950 ex
198 3882 311 3967 quibus
327 3885 500 3968 composita
522 3891 570 3952 θεῖ
592 3886 711 3962 oratio,
735 3885 1081 3969 interpunctionumque
1096 3891 1128 3950 et
1149 3904 1229 3968 puu-

142 4011 267 4068 sarum,
292 4011 370 4075 quas
392 4011 504 4057 sensus
525 3993 559 4058 in
581 3993 742 4059 recitando
764 3992 832 4058 fieri
853 3993 1003 4076 postulat.
1034 3993 1118 4058 Nam
1133 4011 1229 4074 quum

142 4104 244 4163 metra
254 4119 318 4162 non
333 4097 394 4163 nisi
411 4117 522 4165 sensus
537 4099 711 4168 adiuvandi
726 4106 757 4166 et
772 4100 861 4184 quasi
874 4099 1029 4166 coloribus
1041 4098 1229 4182 quibusdam

142 4204 295 4295 pingendi
310 4224 425 4274 caussa
440 4207 568 4290 iuventa
584 4203 658 4292 sint,
682 4227 783 4296 neque
798 4207 845 4276 illi
859 4213 944 4278 recte
958 4206 1091 4276 recitant
1105 4225 1227 4288 versus,
