2930 4962
278 353 319 416 62
656 331 712 414 ure.
732 369 765 413 n.
799 369 860 412 cur.
879 368 960 412 xviri.

276 523 473 606 praecedenti
488 526 593 588 versui
608 525 761 587 trocheim
776 523 889 586 addita.
921 525 1070 584 Remanet
1084 523 1166 584 enim
1182 521 1223 584 de
1238 521 1271 584 di
1340 525 1347 537 ·
1364 449 1389 502 ⁸

178 629 182 637 ’
277 628 429 691 trochaico
443 629 700 711 amphibrachus:

362 731 460 779 Lux
475 730 480 819 1
497 726 611 818 111υῶ
627 729 632 817 l
648 731 746 778 Lea-v
762 728 766 813 Ι
782 729 806 776 .'.

277 837 342 898 Non
357 836 499 917 vitiatur,
521 837 652 899 iambico
667 836 773 898 versui
794 831 990 915 praecedenti
1004 831 1106 894 addita
1123 832 1261 911 syllaba,
1288 833 1368 912 qnia
1453 919 1454 930 ἵ

277 939 385 1020 integri
399 947 526 1003 manent
540 939 664 1002 ordines
679 938 839 1000 trochaici:
1453 943 1454 946 ’

361 1037 459 1090 Ouo„
476 1042 480 1127 l
496 1037 625 1128 ῦΙΙέυ..
641 1040 646 1128 l
662 1032 758 1087 Oto.

360 1147 381 1207 i.
401 1167 428 1208 e.
448 1157 530 1210 recte
545 1146 708 1227 descriptis
723 1141 899 1206 ordinibus:

361 1243 386 1294 ὖ
402 1247 407 1334 Ι
422 1243 640 1334 .’.υ.ῦΙΙ-ὐ.ῦ
656 1246 661 1333 Ι
678 1263 746 1296 .υ..

359 1473 385 1554 §
401 1470 477 1537 188.
504 1473 537 1534 ln
559 1471 607 1534 his
627 1483 731 1534 autem
751 1471 890 1534 iambicis
912 1472 1115 1552 hypermetris
1133 1470 1261 1534 ultimus
1275 1473 1368 1532 iam-

276 1577 352 1657 buS,
371 1577 443 1656 quia
459 1578 520 1639 iam
536 1593 598 1637 nou
613 1576 741 1638 ultimus
756 1591 813 1656 pes
827 1585 889 1655 est,
908 1575 964 1636 sed
979 1574 1102 1637 medius
1116 1575 1239 1656 aliquis,
1259 1593 1368 1656 spon—

275 1679 369 1742 deum
385 1689 563 1760 ceterasque
578 1680 742 1742 varietates
757 1678 898 1742 admittit
931 1679 1027 1741 Plaut.
1047 1677 1157 1761 Amph.
1177 1681 1212 1742 V.
1234 1681 1330 1759 t,⁴5.

360 1810 395 1864 ut
409 1801 510 1879 locui,
535 1815 686 1882 eoemrpo:
710 1797 820 1862 ardere
842 1801 947 1862 cenaui
962 1799 1065 1863 ordis:
1088 1802 1132 1863 ito
1155 1807 1217 1861 tum
1237 1797 1365 1877 coosul-

1029 1902 1149 1986 pehont.

361 2025 403 2087 ihi
417 2044 464 2088 me
483 2019 628 2088 inclamat
642 1982 823 2088 A'teomeoo:
849 2025 911 2086 lom
927 2027 963 2086 to
978 2041 1028 2085 res
1043 2039 1089 2085 me
1105 2021 1230 2084 horrore
1246 2019 1361 2104 officit.

359 2245 476 2330 5189.
507 2248 623 2310 Eadem
653 2258 701 2311 est
730 2247 856 2311 finiendi
886 2264 994 2307 versus
1025 2246 1146 2307 iambici
1176 2247 1267 2326 ratio,
1303 2244 1361 2308 ubi

275 2353 359 2415 elisio
373 2353 407 2415 fit
422 2354 646 2432 insequentem
659 2371 796 2430 versum,
812 2370 874 2432 quo
889 2350 967 2411 laeto
980 2368 1090 2413 versus
1101 2369 1163 2410 non
1179 2357 1226 2412 est
1236 2348 1363 2430 hyper·
1449 2371 1453 2524 p

275 2465 386 2537 meter,
405 2453 461 2518 sed
477 2457 546 2536 quia
564 2473 713 2517 uumerus
728 2455 868 2516 cohaeret
884 2473 953 2516 cum
969 2460 1118 2534 sequente
1133 2469 1242 2531 versu,
1262 2471 1362 2516 men·
1452 2529 1453 2540 χ

273 2565 377 2623 sulam
394 2560 521 2623 ultimus
533 2578 588 2642 pes
604 2557 756 2640 eamdem,
775 2577 868 2639 quam
880 2558 1012 2640 quisque
1029 2554 1150 2619 medius
1165 2576 1232 2639 pes,
1247 2555 1357 2621 habet.
1452 2611 1453 2648 3

273 2663 381 2727 Heaut.
401 2664 449 2726 lll.
470 2667 499 2743 3,
514 2663 563 2725 13.

358 2787 410 2850 epo
426 2769 465 2830 dt
476 2785 523 2829 me
535 2765 617 2846 socio
633 2769 854 2830 coniectorem:
880 2769 963 2829 nemo
978 2773 1022 2829 est
1041 2781 1174 2829 tuomum
1190 2765 1360 2830 amicorum

1051 2868 1146 2945 hodie,

158 2974 162 2985 “
255 3039 257 3044 ,
361 2969 443 3054 apto
478 2990 564 3056 quem
604 2983 783 3054 expromere
813 2971 913 3034 omnio
947 2986 1016 3036 meo
1045 2969 1179 3051 occulto,
1214 2971 1357 3055 Clitipho,

1006 3072 1145 3138 audeam.

276 3363 282 3380 ,
357 3297 473 3384 5190.
500 3301 717 3366 Clausulas
733 3301 830 3362 Latini
842 3298 950 3363 dicunt
962 3318 1071 3363 versus
1083 3299 1240 3362 breviores
1252 3301 1359 3384 longi-

273 3406 383 3469 oribus·
391 3402 529 3468 eiusdem
542 3405 662 3487 generis
674 3403 837 3482 admixtos,
856 3412 888 3466 et
897 3404 1082 3485 plerumque
1098 3422 1168 3466 oum
1184 3405 1221 3466 iis
1234 3408 1357 3468 numeri

192 3583 193 3588 γ
272 3511 478 3590 perpetuitate
489 3509 695 3572 cohaerentes.
722 3509 860 3572 Vsisuut
874 3506 1014 3571 iisetiam
1023 3507 1139 3586 Graeci,
1154 3507 1352 3590 utAristoph.
1452 3489 1453 3500 ¹

273 3612 353 3674 Nub.
374 3609 540 3677 2211011.
564 3615 633 3675 101.
656 3613 726 3674 107.
767 3612 898 3674 llufiuus
917 3631 948 3694 p.
969 3609 1063 3674 2707.
1097 3609 1261 3693 observat,
1292 3611 1355 3675 ali-

179 3741 180 3746 *
273 3714 398 3796 quando
414 3716 505 3779 etiam
519 3717 641 3780 initium
656 3715 697 3778 ab
711 3715 748 3777 iis
764 3715 847 3794 fieri,
870 3695 1005 3796 ut‘apud
1019 3711 1153 3778 Attium:
1276 3759 1284 3776 .

359 3839 399 3884 ou
415 3819 488 3886 hoec
502 3820 565 3884 iam
579 3819 664 3883 obliti
676 3816 746 3882 stim
759 3819 903 3902 Phrypes.

357 4041 381 4126 ἦ
398 4039 472 4110 191.
499 4043 565 4106 Non
580 4043 662 4106 omni
677 4048 817 4122 exparte
833 4055 906 4106 vera
922 4051 1012 4124 sunt,
1037 4059 1117 4124 quae
1132 4037 1171 4106 de
1192 4045 1239 4108 his
1255 4045 1350 4108 Bent-

273 4150 351 4212 leius
373 4149 447 4212 dicit
469 4149 501 4209 in
522 4145 743 4209 schediasmate
764 4145 910 4210 demetr.
931 4149 998 4210 Ter.
1032 4147 1109 4209 Nam
1127 4147 1282 4214 clausulae
1297 4156 1349 4210 aut

272 4253 435 4316 cohaerent
456 4269 527 4315 cum
543 4251 611 4314 aliis
626 4250 769 4315 versibus
784 4259 965 4331 perpetuato
980 4267 1124 4331 numero,
1150 4262 1280 4316 autnon
1294 4271 1348 4312 oo-
