2896 4960
286 379 346 439 144
663 395 719 438 nra.
739 396 772 439 n.
806 396 870 440 err.
889 395 983 438 xxxvi.

284 549 456 611 Solutiones
478 550 776 630 contractionemque
798 549 943 612 omuibus
963 547 1064 612 modis
1085 546 1216 610 admittit
1235 547 1340 608 hionn-

285 671 399 733 merus,
418 662 450 713 ct
463 654 495 714 in
510 654 609 714 ionica
625 651 751 734 quidem
768 652 862 714 iorrna
879 653 937 714 hoc
952 651 1060 714 modo:

385 866 408 914 L
444 865 468 913 L
483 861 534 913 νῦ

369 986 479 1020 ww

284 1087 315 1146 in
331 1086 481 1148 trochaica
498 1094 601 1146 autern
617 1086 681 1146 sic:

383 1191 444 1243 ’.ῦ
468 1195 492 1242 L
507 1191 532 1241 ῦ

368 1315 419 1347 W
451 1314 503 1346 W

283 1413 398 1496 quibus
414 1410 673 1491 descriptionibus
688 1411 804 1474 formae
815 1415 1011 1476 continentur
1024 1412 1274 1494 duaedetrigiuta.
1297 1407 1343 1471 Sed
1408 1449 1410 1548 ⁴

283 1527 367 1580 tauta
389 1515 556 1577 formarum
573 1515 737 1577 multitudo
760 1518 905 1597 quoniam
926 1519 1050 1580 nimiam
1066 1518 1271 1580 confusionem
1284 1533 1341 1596 pro-

282 1629 420 1684 creatura
437 1618 555 1700 fuisset
575 1637 636 1680 non
652 1637 760 1680 omnes
776 1618 928 1682 admissas
945 1620 1096 1684 videmus.
1124 1623 1191 1683 Etsi
1206 1635 1341 1700 quousque
1410 1660 1411 1710 p

283 1726 422 1786 licentiae
438 1724 591 1804 progressi
607 1724 669 1784 siut
682 1733 807 1804 poetae,
833 1726 866 1786 iu
888 1734 972 1787 tanta
988 1726 1200 1808 exemplorum
1217 1728 1338 1807 paucitate
1410 1723 1411 1754 ¹

282 1847 344 1917 non
358 1828 449 1906 plane
464 1824 586 1888 definiri
600 1807 712 1907 potest.

367 2033 391 2116 ἦ
405 2029 484 2098 424.
510 2035 544 2095 ln
559 2034 712 2116 versibus
732 2053 809 2116 quos
822 2033 1006 2115 Hephaestio
1021 2035 1118 2116 affert,
1138 2046 1259 2116 praeter
1272 2037 1341 2098 Sota-
1410 2013 1411 2016 Ἴ

282 2138 387 2218 deum,
414 2137 476 2201 duo
491 2148 612 2202 tantum
628 2148 711 2218 sunt,
734 2140 787 2219 qui
803 2157 876 2200 vere
890 2140 980 2200 ionici
996 2158 1013 2199 a
1030 2140 1134 2200 maiori
1150 2161 1220 2204 esse
1237 2139 1343 2202 videan-

282 2254 342 2325 tur,
362 2229 551 2324 dimete'r,
571 2245 625 2323 qui
641 2241 927 2304 Cleomacheus
946 2253 1087 2305 vocatur:

366 2355 419 2438 τίς
439 2358 498 2449 τὴν
518 2355 635 2447 ὖδρίην
655 2354 749 2443 ὑμῶν

367 2457 536 2554 ἒψόφησ’,·
560 2460 622 2551 ἐγὼ
645 2459 773 2545 atton,
809 2542 815 2554 ,

280 2599 319 2652 et
340 2589 544 2668 trimeter,

365 2702 456 2783 πόας
476 2701 569 2791 ccede
590 2697 698 2782 ὄνθος
718 2701 870 2788 μαλακὸν
890 2712 1067 2789 ματεῦσαι,

280 2831 334 2912 qui
350 2831 375 2892 si
391 2831 511 2891 lonicus
527 2827 594 2909 fuit,
618 2821 724 2903 ποίας
737 2827 948 2892 scribendum.

367 3035 389 3118 ξ
404 3033 482 3100 425.
512 3035 726 3098 Nobilissimus
741 3054 889 3098 versuum
905 3037 1074 3101 ionicorum
1089 3059 1106 3100 a
1123 3041 1230 3103 maiori
1245 3040 1340 3102 Sota-

281 3141 374 3204 deus
396 3151 458 3220 est,
484 3140 580 3202 solam
595 3139 647 3201 ille
665 3139 706 3202 ad
721 3140 944 3220 recitationem,
970 3160 1031 3204 non
1053 3141 1094 3204 ad
1110 3154 1235 3208 cantum
1251 3143 1341 3213 factus,

280 3257 315 3308 ut
330 3244 443 3308 diserte
459 3244 549 3306 docet
564 3242 713 3310 Aristides
729 3244 936 3318 Quintilianus
958 3265 990 3325 p.
1011 3248 1063 3308 32.
1096 3248 1125 3310 ls
1139 3267 1250 3311 versus
1265 3253 1344 3308 tetra-

280 3361 378 3412 meter
392 3360 439 3412 est
453 3348 753 3429 brachycatalectus,
779 3368 819 3410 ex
839 3348 938 3412 tribus
954 3351 1061 3412 ionicis
1076 3361 1107 3413 et
1121 3352 1262 3414 trochaeo
1283 3363 1344 3408 oon-

280 3465 375 3517 stans.
409 3455 477 3515 Duo
492 3453 624 3516 trochaei
640 3454 672 3515 in
687 3452 827 3534 qualibet
844 3453 933 3532 sede,
959 3452 1015 3515 sed
1030 3455 1214 3536 piorumque
1229 3457 1259 3516 in
1275 3449 1344 3514 tertia

281 3558 490 3620 inveniuntur.
541 3559 666 3620 Formas
696 3558 762 3618 eius
792 3558 824 3619 iu
853 3557 987 3640 pedibus
1016 3559 1107 3619 ionici
1137 3558 1275 3640 exempla
1301 3554 1344 3614 has

280 3661 444 3742 praebent:

381 3763 404 3809 L
430 3763 454 3812 L
475 3779 526 3811 υυ
563 3763 587 3810 L
616 3762 640 3810 L
654 3779 705 3810 υυ
728 3763 752 3810 L
780 3761 804 3809 L
819 3758 927 3811 wLC

366 3871 418 3916 ὼ
430 3868 453 3914 L
475 3884 526 3915 υυ
548 3870 601 3914 &u
616 3866 640 3913 L
654 3882 705 3914 w
715 3870 767 3912 κ’κυ
782 3867 806 3914 .’.
818 3881 870 3914 w

380 3972 403 4018 L
415 3975 525 4018 ύυυυ
562 3968 705 4018 .’ύυυυ
728 3969 753 4016 L
767 3972 869 4017 ὼυα

365 4078 528 4122 ύυύυυυ
