2922 4948
221 295 283 356 246
613 316 668 359 tra.
689 317 733 358 m.
761 316 823 359 mr.
843 315 925 359 xxm.

221 485 331 546 genere
346 465 538 549 amomum,
564 479 601 532 ut
621 472 653 532 in
669 467 812 551 Aeschyli
827 471 952 552 Septem
975 469 1015 532 ad
1031 470 1152 532 Thebas
1175 433 1209 532 el
1220 471 1311 554 Sup-

221 570 363 652 plioibus.
780 591 782 594 ·

306 810 423 894 §6812
453 817 577 878 Perraro
599 818 631 878 in
654 815 816 898 tragoediis
840 837 963 879 carmen
987 817 1071 880 chori
1094 818 1251 880 invenitur
1272 839 1312 880 ex

221 917 344 998 stropha
362 918 511 999 solitaria,
537 923 682 1002 omnique
705 920 895 1001 antistropha
918 920 1118 983 destitutum:
1143 921 1227 1001 quod
1250 941 1313 983 non

222 1021 345 1085 videtur
356 1023 414 1084 nisi
430 1026 461 1086 in
478 1044 588 1106 magna
601 1023 735 1106 quadam
751 1033 782 1086 ot
793 1024 913 1085 insolita
926 1025 1097 1087 animorum
1110 1027 1313 1086 commotione

223 1128 337 1190 laetum
360 1148 439 1191 esse.
470 1129 656 1210 Exemplum
679 1135 727 1190 est
749 1129 780 1189 in
804 1127 973 1190 Trachiniis
996 1147 1026 1190 v.
1046 1130 1119 1192 205.
1144 1127 1201 1192 uhi
1217 1129 1313 1190 soho-

224 1232 341 1294 liastes:
361 1225 400 1294 τὸ
414 1225 612 1312 μελιδάριον
631 1221 692 1295 οὐκ
708 1224 778 1294 ἔστι
794 1223 967 1311 στάσιμον,
986 1221 1059 1293 ἀλλ’
1075 1223 1144 1293 ὑπὸ
1159 1233 1217 1315 τῆς
1232 1223 1314 1316 ἡδο-

224 1336 281 1418 νῆς
296 1326 484 1419 ὀρχοῦνται.
514 1335 642 1399 Videtur
662 1345 767 1398 autem
789 1345 821 1397 et
835 1337 892 1398 hoo
908 1354 1031 1396 carmen
1046 1354 1065 1395 a
1080 1334 1210 1397 diversis
1229 1336 1315 1397 ohori

222 1438 363 1522 partibus
384 1440 467 1518 cani,
500 1440 595 1500 etsie
617 1440 707 1500 etiam
724 1441 867 1522 strophae
890 1439 977 1517 illae,
1003 1436 1042 1499 de
1063 1437 1179 1519 quibus
1200 1437 1218 1521 ᾗ
1237 1443 1309 1500 tat.

223 1541 358 1622 dietum,
377 1562 438 1605 non
453 1561 522 1604 esse
538 1543 675 1604 universi
690 1543 782 1604 ohori.

310 1781 426 1864 §682
452 1785 545 1848 Multo
560 1787 674 1850 certius
698 1785 748 1847 illa
764 1785 848 1846 chori
863 1785 997 1846 carmina
1020 1803 1083 1845 non
1104 1784 1145 1846 ab
1168 1785 1315 1846 universo

224 1889 326 1967 choro,
346 1887 402 1950 sed
419 1909 436 1950 a
452 1889 584 1952 diversis
599 1889 742 1970 partibus
757 1890 824 1950 eius
839 1898 959 1950 cantata
975 1886 1130 1967 videntur,
1150 1890 1181 1948 in
1198 1888 1315 1970 quibus

224 2011 286 2054 nou
298 2011 386 2056 suam
395 2013 537 2074 quaeque
549 1993 737 2076 antistropha
749 1991 907 2074 stropham
919 1991 1042 2072 excipit,
1058 1991 1114 2053 sed
1126 1993 1317 2054 artificiosior

171 2175 174 2180 Ι
224 2105 273 2158 est
286 2098 575 2180 antistrophieorum
591 2096 763 2178 dispositio,
789 2097 871 2158 utin
887 2095 1022 2184 Guhoeph.
1043 2117 1073 2156 v.
1095 2096 1167 2158 78l.
1193 2095 1249 2157 uhi
1267 2097 1316 2158 hio

224 2208 272 2260 est
287 2201 482 2282 stropharum
494 2199 585 2263 ordo:
613 2212 616 2218 ’

614 2618 923 2636 -l———u-——u—

626 2879 736 2949 cAP.
753 2881 907 2950 xxm

371 3049 429 3119 De
457 3049 713 3141 systematis
741 3049 1177 3146 antistrophioorum.

312 3232 428 3316 5683.
455 3232 625 3298 Artificiosa
648 3235 699 3296 illa
723 3235 919 3316 stropharum
935 3238 1102 3318 populatio,
1130 3239 1160 3300 in
1178 3257 1240 3318 qua
1256 3217 1314 3300 ad-

228 3340 398 3402 mirabilem
411 3340 711 3422 poetaeGraeoorum
728 3339 841 3402 scenici
856 3359 980 3422 operam
994 3335 1189 3420 collocarunt,
1209 3362 1314 3405 eorum

226 3446 348 3526 propria
364 3454 411 3506 est
426 3446 629 3522 cantieorum,
655 3463 735 3524 quae
751 3443 800 3504 vel
822 3464 839 3504 a
863 3445 934 3506 solis
951 3443 1106 3507 actoribus
1129 3446 1196 3506 sine
1213 3446 1311 3524 ohoro,
1426 3509 1430 3518 ,
1458 3443 1459 3500 ἶ

228 3549 276 3609 vel
292 3569 309 3609 a
326 3548 416 3610 ohoro
432 3569 502 3613 oum
518 3547 674 3614 actoribus
686 3547 783 3611 verba
798 3547 983 3627 conferente,
1002 3547 1052 3608 vel
1068 3549 1241 3629 apartibus
1256 3549 1315 3612 ali-

227 3651 342 3730 quibus
359 3652 454 3716 solius
469 3652 552 3713 ohori
567 3651 742 3714 alternatim
759 3659 921 3713 canuntur.

314 3891 430 3975 §684
459 3893 640 3974 Plerumque
661 3894 740 3956 inter
764 3895 890 3957 chorum
906 3902 937 3954 ot
951 3901 1069 3955 actores
1091 3895 1168 3956 haee
1182 3896 1315 3958 carmina

228 3995 324 4057 divisa
343 4008 432 4058 sunt:
457 4019 493 4059 ao
507 4007 572 4060 tum
589 4008 740 4088 vocantur
755 3990 889 4077 κομμοί.
919 3994 1099 4060 Aristoteles
1114 3999 1194 4060 Poet.
1214 4019 1241 4060 o.
1263 3999 1311 4061 lh.

229 4094 356 4182 κομμός
371 4095 417 4182 δὲ,
437 4100 565 4186 θρῆνος
578 4095 689 4176 κοινὸς
702 4102 806 4184 χοροῦ
821 4095 878 4162 καὶ
894 4091 963 4162 ἀπὸ
980 4102 1108 4186 σκηνῆς.
