2922 4948
216 401 276 463 198
612 416 668 458 trs.
689 417 733 458 m.
768 416 830 461 cnr.
850 415 891 457 ru.

299 567 414 652 §aaz
440 571 479 632 Et
493 572 645 651 quoniam
669 571 717 631 hic
739 587 888 632 numerus
908 587 947 630 ex
963 570 1103 631 trochaeo
1118 579 1150 630 et
1164 569 1306 650 spondeo

213 680 245 738 iu
261 697 358 739 unum
374 675 511 738 ordinem
529 675 698 736 coniunctis
714 673 813 736 lactus
828 681 892 753 est,
918 685 1052 754 quorum
1068 672 1244 754 spondeus,
1267 683 1306 735 ut

215 781 311 842 maior
325 799 391 862 pes,
411 799 491 840 nova
507 779 538 839 vi
553 796 657 840 arseos
673 777 871 840 adiuvandus
886 787 950 857 cst,
972 787 1118 858 apparet,
1143 777 1304 839 fortiorem

213 903 281 946 esse
296 883 463 946 secundam
479 883 562 944 arsin
578 882 700 963 epitriti,
719 899 800 963 quae
815 891 976 964 propterea
991 883 1084 944 etiam
1099 882 1222 963 proprio
1238 883 1307 944 ictu

214 996 352 1052 notatur:

299 1142 393 1191 LuL-

214 1283 298 1364 quod
319 1293 423 1346 contra
443 1283 475 1342 in
496 1280 619 1362 dipodia
636 1282 784 1343 trochaica
807 1281 912 1342 lortior
927 1291 975 1341 est
989 1281 1088 1360 prima
1109 1282 1202 1360 arsiS,
1228 1281 1306 1360 quia

212 1389 290 1450 alter
301 1406 425 1468 quoque
440 1406 496 1469 pes
511 1405 566 1468 pro
582 1386 723 1448 trochaeo
740 1395 935 1448 numeratur:

300 1536 396 1589 Δια-ὗ

215 1683 419 1762 Omninoque,
448 1701 544 1761 quum
561 1681 670 1741 musici
686 1689 805 1741 veteres
821 1698 986 1741 numerum
1006 1681 1163 1758 epiunum
1180 1682 1308 1760 impro-

215 1785 373 1865 ltavarint,
400 1805 460 1846 non
484 1783 661 1846 incredibile
685 1791 749 1862 est,
776 1801 954 1844 mensuram
978 1781 1108 1863 spondei
1124 1783 1178 1863 qui
1202 1785 1234 1844 in
1255 1781 1307 1845 his

214 1889 343 1972 epitritis
359 1898 422 1970 est,
442 1891 530 1970 plura
547 1909 640 1969 quam
656 1897 802 1969 quattuor
817 1895 954 1968 tempora
970 1885 1126 1948 hahuisse.

299 2147 415 2230 §538
442 2152 518 2212 Hinc
529 2147 746 2230 explicandum
758 2147 892 2228 videtur,
908 2147 992 2228 quod
1003 2146 1160 2228 spondeus
1171 2149 1230 2209 iste
1246 2168 1308 2210 so-

215 2254 360 2315 lutionem
384 2274 463 2335 quae
487 2255 518 2315 in
549 2253 689 2314 trochaeo
710 2253 765 2350 qui
792 2251 950 2331 praeoadit
975 2253 1099 2334 saepius
1130 2253 1302 2333 invonitur,

213 2365 343 2419 autnon
359 2358 502 2438 admittit,
522 2366 577 2419 aut
590 2357 764 2419 rarissime:
793 2362 803 2382 ⁰

298 2508 445 2560 Uim.

214 2656 344 2744 Vnicum
359 2652 445 2734 apud
459 2651 625 2714 Pindarum
641 2651 822 2730 exemplum
837 2659 885 2714 est
900 2652 932 2713 iu
948 2652 1053 2714 lslhm.
1074 2653 1109 2712 ll.
1129 2649 1254 2733 epodis:

299 2803 431 2888 πέμπεν
451 2798 657 2870 ἀναδεῖσθαι
679 2797 825 2868 σελίνων.

299 2901 377 2974 ollae
397 2904 615 2992 μελικόμπων
637 2900 768 2973 ἀοιδᾶν.

299 3014 404 3090 ξεῖνον
425 3008 504 3095 ἐμὸν
526 3005 653 3100 ἠθαῖον
668 3005 780 3099 ἔλθῃς.
803 3001 806 3006 ’

214 3173 353 3235 Dubitari
376 3181 478 3234 tamon
501 3133 541 3232 de
557 3189 593 3231 ao
608 3179 719 3249 potest,
738 3171 809 3251 quia
825 3171 857 3232 in
874 3173 971 3252 prima
992 3171 1090 3254 epodo
1108 3173 1177 3235 libri
1194 3190 1305 3238 omnes

214 3268 395 3340 ἄνδυῖσθαι
432 3275 550 3336 habeut
582 3283 763 3355 poteratque
791 3285 880 3356 poeta
911 3277 942 3336 in
972 3277 1107 3339 secunda
1137 3268 1176 3339 od
1206 3275 1306 3357 μελι-

211 3375 375 3464 φθόγγου
397 3371 536 3457 ἀοιδᾶν,
559 3379 591 3440 in
613 3379 700 3440 tertia
724 3372 803 3459 ἐμὸν
826 3374 936 3456 ξεῖνον
959 3366 1025 3442 εὖτ’
1048 3371 1175 3466 ἠθαῖον
1198 3373 1307 3466 ttopg

213 3483 357 3545 scribere.

299 3739 416 3823 §ma
442 3744 553 3804 Vltima
569 3744 681 3824 epitriti
698 3743 816 3824 syllaba
833 3762 894 3805 non
910 3744 999 3804 aliter
1013 3763 1125 3823 anceps
1141 3756 1206 3824 est,
1229 3747 1247 3805 i.
1266 3765 1296 3807 e.

156 3899 160 3908 .
214 3846 340 3908 brevem
377 3865 433 3925 pro
466 3847 554 3926 longa
589 3847 738 3927 admittit,
775 3867 868 3927 quam
902 3856 957 3908 aut
990 3867 1118 3909 numero
1152 3849 1210 3908 alio
1242 3867 1300 3908 se-

214 3959 339 4029 quente,
357 3958 393 4010 ut
408 3949 569 4028 dactylico,
589 3950 638 4010 vel
655 3951 782 4031 Cretico,
803 3960 838 4012 ut
852 3949 937 4033 apud
952 3951 1117 4013 Pindarum
1130 3952 1230 4014 Ol.Vl.
1244 3955 1295 4012 30.

214 4053 263 4113 Xl.
286 4056 334 4114 lli.

299 4198 394 4290 ἀνδρὶ
413 4200 525 4287 κώμου
548 4200 697 4294 δεσπότᾳ
718 4201 863 4294 πάρεστι
886 4201 1093 4296 Συρακοσίῳ.

299 4303 384 4383 ἔνθα
406 4301 643 4394 συγκωμάξατ’·
667 4296 893 4395 ε’γγυοῖουμαι.Ι
