2896 4960
268 291 327 352 136
674 305 729 349 nn.
750 307 782 348 u.
808 306 871 349 cir.
889 305 972 348 mr.

355 463 378 544 5
393 457 471 524 404.
498 460 589 520 Primi
603 459 723 539 generis
740 459 771 520 hi
785 477 896 522 versus
911 467 1002 522 sunt:

354 571 415 642 οὐκ
438 572 523 657 ἔτος,
547 565 575 640 ὦ
597 577 758 662 γυναῖκες.
864 657 866 660 ¹

244 686 248 698 '
354 676 580 764 &cccccccccc
601 671 629 744 τ’
653 676 810 769 ἐφίλησεν
833 675 966 764 αἰχμάν.

352 781 448 850 δεῦτέ
469 807 536 861 νον,
560 778 663 869 ἆβραὶ
686 780 847 868 Χάριτες,
876 778 1081 868 καλλίκομοί
1101 807 1138 850 τε
1162 787 1307 852 Μοῖσαι.

266 912 333 983 Quo
360 909 392 969 in
417 926 527 988 genere
550 907 732 986 Hephaestio
754 905 977 971 Anacreontem
1000 908 1135 990 quodam
1168 911 1201 972 in
1222 910 1346 972 cumino

266 1029 389 1093 semper
402 1013 534 1092 primam
550 1012 632 1072 arsin
647 1011 777 1074 solvisse
792 1012 851 1078 ait:

277 1203 280 1214 Ι
352 1123 565 1224 ἀναπέτομαι
588 1124 627 1215 δὴ
649 1123 736 1211 πρὸς
748 1120 922 1211 ’Όλομπον
944 1124 1144 1215 πτερύγεσσι
1167 1125 1312 1218 κούφαις

352 1231 409 1298 διὰ
431 1229 490 1298 τὸν
512 1223 620 1317 ἔρωτ’·
644 1224 683 1294 οὔ
707 1228 768 1317 γὰρ
792 1228 868 1314 ἐμοὶ
890 1233 975 1309 παῖς
997 1229 1111 1298 ἐθέλει
1133 1235 1291 1321 σονηβᾶν.

265 1360 457 1420 Pentametro
481 1355 686 1417 Callimachus
709 1357 862 1436 integrum
890 1375 1030 1436 carmen,
1058 1358 1253 1436 Branchum,
1278 1375 1345 1418 oon-
1412 1405 1413 1408 ,

266 1461 361 1523 didit:

311 1603 320 1622 ·
352 1571 510 1659 δαίμονες
538 1568 772 1658 εὗομνότατοι,
803 1573 912 1661 Φοῖβέ
936 1600 972 1642 τε
1000 1573 1058 1642 καὶ
1086 1581 1177 1659 Ζεῦ,
1208 1572 1345 1661 διδύμων
1413 1591 1414 1612 ¹

875 1702 1040 1767 νεναρχαι.

267 1807 485 1866 hexametrum
516 1804 556 1866 ab
583 1823 616 1866 se
641 1805 802 1867 inventum
830 1803 976 1884 gloriatus
1002 1813 1050 1866 est
1074 1805 1209 1870 Philicus
1237 1807 1341 1883 Corcy-

266 1927 374 1985 raeus;
401 1905 492 1988 laiso,
519 1927 616 1988 quum
632 1908 775 1971 Simmias
797 1910 859 1971 iam
882 1927 1017 1971 cousus
1038 1909 1131 1972 luerit
1150 1912 1184 1971 in
1201 1908 1307 1973 Securi
1320 1915 1342 1968 et

265 2012 297 2073 in
312 2007 387 2073 Alis.

350 2215 466 2299 §405
494 2221 587 2281 Tertii
607 2221 726 2300 generis
747 2217 827 2300 (nam
847 2211 1019 2282 secundum
1042 2221 1075 2280 in
1096 2222 1133 2284 iis
1154 2223 1340 2303 potissimum

266 2323 419 2403 versibus,
439 2324 493 2404 qui
508 2323 598 2385 basin
614 2323 739 2403 habent,
762 2323 926 2406 invenitur)
948 2323 1130 2404 Hephaestio
1145 2325 1225 2388 haec
1239 2341 1340 2386 exem-

264 2427 315 2510 pla
330 2427 435 2490 affert:

352 2540 529 2610 ἱστόπονοι
548 2538 713 2632 μείρακες.

351 2641 432 2713 οὐδὲ
454 2643 594 2714 λεόντων
617 2645 747 2730 σθένος,
772 2641 852 2714 nida?
872 2642 1007 2737 τροφαί.

351 2746 392 2816 αἲ
410 2746 601 2839 Κυθερείας
622 2745 786 2818 ἐπιπνεῖτ’
811 2743 907 2838 ὄργια
929 2747 1137 2818 λευκωλένου.

264 2879 298 2938 ln
314 2873 525 2954 Aristophanis
540 2876 707 2954 Lysistrata
722 2896 754 2938 v.
774 2877 846 2938 338.
866 2875 1066 2939 scribendum
1082 2875 1223 2940 videtur:

350 2985 413 3056 οἷνὰ
435 2986 546 3073 πόλιν,
569 2987 616 3068 ὥς
638 2989 672 3070 ἒς
691 2988 907 3079 τριτάλαντον
927 2988 1038 3079 βάρος.

265 3095 414 3199 Strophici
429 3134 539 3178 versus
555 3123 617 3177 tres
632 3116 757 3179 ultimae
773 3116 911 3197 syllabae
926 3116 1115 3180 exciderunt.
1238 3137 1242 3144 ’

349 3321 465 3405 ἕ406.
497 3325 648 3404 Quartae,
687 3327 829 3405 quintae,
868 3334 973 3388 sextae
1012 3327 1234 3389 terminationis
1271 3325 1337 3384 haec

264 3429 405 3510 exempla
427 3430 498 3518 sint.
531 3425 685 3510 Asistoph.
704 3430 830 3508 Lysistr.
852 3430 923 3493 323.
944 3430 1037 3510 Soph.
1057 3427 1103 3492 ai.
1124 3430 1197 3493 226.
1232 3423 1331 3493 Aesch.

263 3534 295 3595 S.
313 3531 355 3595 ad
371 3533 426 3593 Th.
447 3533 520 3594 lit.

349 3673 385 3715 τε
405 3646 465 3714 καὶ
485 3646 674 3736 Κριτύλλαν
693 3646 919 3740 περιφυσήτω.

349 3749 409 3818 τάν
430 3747 449 3818 ὃ
469 3749 572 3838 μέγας
591 3757 705 3836 μῦθος
726 3745 826 3834 ἆέξει.

349 3850 565 3922 αὐτοδάϊκτοι
579 3852 723 3923 θάνωσι.

349 4082 464 4166 5407.
491 4086 962 4168 Dimeteroatalecticus,
982 4083 1332 4167 quiexunoonlinelo-

266 4189 406 4274 gaoedico
422 4198 558 4270 constat,
577 4208 678 4272 neque
693 4191 916 4274 choriambicis,
935 4193 994 4256 nisi
1009 4193 1082 4274 quia
1096 4194 1225 4257 catalexi
1239 4192 1332 4254 insu-
