2922 4948
276 370 338 434 224
662 387 718 432 tn.
738 389 782 432 tn.
810 389 872 433 ma.
891 389 973 433 xvtn.
1066 453 1073 466 .

273 543 391 616 facilius
414 545 444 604 iu
468 543 547 606 duas
569 553 672 625 partes
696 543 824 606 distrahi
844 554 961 626 potest,
989 543 1179 606 admittatur.
1213 543 1350 606 Pindarus

273 648 320 708 01.
343 648 418 708 XlV.

359 758 468 829 πότνι’
495 761 639 851 Kykala,
664 761 803 854 φιλησί-

359 867 472 952 μολπέ
493 863 520 935 τ’
543 863 757 959 Εὐφροσύνα,
779 875 871 936 θεῶν
892 865 1080 957 κρατίστου.

358 1075 475 1159 ξ607.
506 1081 672 1161 Diligenter
687 1082 778 1142 ctiam
800 1081 1021 1145 attendendum
1045 1091 1093 1144 est
1113 1081 1154 1143 ad
1172 1081 1352 1162 syllabam

272 1185 425 1247 brevem
457 1185 495 1245 in
524 1183 601 1246 line
631 1201 767 1247 versus
796 1186 970 1265 positam.
1017 1187 1092 1246 Nam
1124 1204 1222 1265 quum
1252 1186 1351 1248 ultima

274 1308 418 1351 versuum
435 1287 554 1369 syllaba
571 1290 661 1350 etiam
681 1289 742 1367 ibi,
770 1287 824 1350 ubi
840 1299 949 1350 natura
965 1289 1071 1351 brevis
1087 1298 1148 1368 est,
1175 1291 1269 1351 multo
1284 1309 1352 1350 sac-
1372 1279 1378 1291 '

272 1394 343 1474 pius
366 1391 472 1471 longa,
503 1410 596 1471 quam
620 1391 724 1454 brevis
746 1411 815 1453 esse
840 1393 952 1473 soleat,
983 1393 1022 1454 de
1046 1411 1106 1472 qua
1130 1393 1298 1454 redictum
1323 1393 1351 1451 in

272 1494 399 1576 praelat.
420 1495 459 1556 ad
479 1496 611 1574 Orphica
632 1516 663 1576 p.
684 1499 728 1575 9.,
754 1497 934 1576 saepissime
957 1496 1062 1558 brevis
1077 1497 1197 1576 syllaba
1213 1495 1351 1557 indicium

272 1609 319 1660 cst
333 1600 455 1660 numeri
471 1598 608 1661 nondum
626 1599 717 1677 liniti,
742 1598 797 1661 sed
815 1601 934 1680 longius
949 1599 1184 1682 progredientis.
1217 1602 1315 1673 Quare
1329 1601 1350 1661 si

272 1703 342 1782 quis
359 1691 468 1764 ¹versus
484 1721 582 1782 aeque
605 1703 636 1762 in
657 1704 781 1783 stropha
805 1713 897 1785 atque
918 1705 949 1766 in
971 1704 1160 1784 antistropha
1181 1705 1268 1765 brevi
1288 1704 1349 1782 syl-

274 1806 341 1866 laba
366 1807 487 1886 fmitur,
513 1808 698 1887 plerumque
718 1809 931 1870 continuatum
954 1827 1024 1870 cum
1048 1807 1252 1888 sequentibus
1268 1805 1348 1869 vide-

273 1929 343 1971 mus
364 1929 544 1991 nnmerum,
569 1930 626 1972 nec
649 1909 740 1971 linem
764 1931 874 1974 versus
897 1931 933 1973 eo
956 1913 1019 1973 loco
1035 1912 1179 1973 constitui
1200 1929 1289 1991 posse
1303 1911 1349 1970 in-

273 2014 453 2095 telligimus,
480 2013 572 2094 idque
592 2024 675 2077 tanto
691 2016 821 2096 certius,
848 2034 910 2096 quo
931 2015 1036 2096 plures
1052 2026 1126 2078 sunt
1140 2014 1297 2096 strophae,
1321 2023 1350 2074 ut

274 2117 359 2198 apud
374 2117 549 2181 Pindarum.
1181 2129 1183 2134 '

358 2307 383 2388 ἓ
396 2305 474 2373 608.
502 2311 566 2371 Non
583 2319 757 2390 repugnant
772 2319 875 2371 autem
891 2311 964 2372 huic
979 2310 1185 2372 observationi
1199 2312 1219 2371 ii
1238 2327 1346 2386 versus,

272 2414 325 2492 qui
346 2409 522 2491 systematis
544 2414 755 2492 comprehensi
781 2416 812 2474 in
834 2415 961 2476 brevem
989 2415 1140 2494 syllabam
1165 2424 1295 2495 exeunt,
1323 2423 1351 2476 ut

272 2517 393 2578 dimetri
411 2516 570 2596 dactylici,
594 2516 649 2579 sed
669 2519 773 2598 potius
794 2519 975 2580 confirmant
995 2539 1074 2580 eam.
1108 2519 1229 2580 Etenim
1246 2519 1276 2580 hi
1292 2528 1352 2580 ter-

272 2622 429 2682 minantur
450 2620 576 2701 quidem
590 2619 682 2682 brevi
705 2622 842 2704 syllaba,
868 2623 923 2684 sed
938 2623 1018 2683 hanc
1033 2624 1131 2703 ipsam
1148 2623 1188 2683 ob
1204 2642 1348 2700 caussam,

272 2725 343 2804 quia
368 2726 489 2786 numeri
516 2744 621 2787 eorum
649 2745 719 2788 cum
746 2728 943 2807 sequentium
966 2745 1114 2788 versuum
1137 2728 1276 2789 numeris
1297 2746 1351 2789 una

272 2829 476 2908 perpetuitate
491 2827 663 2892 cohaerent.
1242 2825 1244 2831 ’

357 3035 381 3116 ξ
402 3032 481 3100 609.
530 3031 741 3100 certissimum
768 3039 894 3102 finiendi
920 3058 1032 3103 versus
1057 3039 1205 3102 indicium
1231 3040 1352 3120 praebet

273 3140 425 3220 syllaba
465 3141 791 3204 continuationem
828 3147 975 3206 numeri
1013 3143 1245 3225 impediens,
1286 3147 1351 3226 quia

273 3247 347 3306 haec
369 3264 432 3306 uno
454 3264 583 3306 numero
606 3245 691 3308 finito
713 3247 806 3308 alium
834 3249 966 3329 incipere
993 3247 1136 3310 ostendit.
1174 3249 1230 3311 Est
1255 3258 1350 3309 autem

167 3428 171 3439 ,
272 3349 391 3428 syllaba
422 3349 679 3411 continuationem
704 3367 873 3413 mensurae
903 3351 1076 3432 impediens
1106 3371 1158 3432 ca,
1195 3371 1276 3431 quae
1305 3359 1351 3413 aut

272 3455 423 3514 hiatum
444 3452 547 3532 habet,
567 3461 863 3517 autmensuram
879 3457 1107 3533 ancipitem.
1142 3455 1204 3516 Sed
1219 3465 1251 3518 et
1265 3475 1351 3516 men-

272 3575 360 3619 suras
376 3558 522 3636 ancipites
537 3566 569 3618 et
584 3557 685 3619 hiatus
701 3559 914 3620 tautummodo
929 3578 983 3620 eos
997 3560 1124 3640 intelligi
1139 3569 1281 3640 apertum
1297 3567 1346 3636 cst,

271 3662 325 3740 qui
340 3661 372 3720 in
385 3678 508 3740 quoqne
524 3679 635 3741 genere
650 3662 744 3723 illiciti
760 3662 924 3742 habentur,
941 3662 980 3724 de
992 3682 1053 3743 qua
1067 3683 1102 3724 rc
1118 3663 1149 3724 in
1165 3663 1244 3724 libro
1259 3665 1350 3745 primo

272 3775 302 3824 et
317 3765 349 3824 in
364 3763 554 3843 singulorum
571 3774 737 3827 metrorum
754 3765 955 3847 explicatione
971 3764 1088 3829 dictum
1104 3775 1160 3829 est.

356 3969 472 4052 §utu
510 3972 691 4037 Cavendum
713 3991 803 4055 vero,
829 3993 886 4055 ne,
914 3993 994 4056 quae
1014 3975 1070 4038 diu
1091 3974 1222 4038 obtinuit
1243 3977 1346 4057 opinio,

272 4078 417 4156 quoniam
449 4077 555 4138 ultima
586 4097 696 4140 versus
727 4079 878 4158 cuiusque
908 4078 1026 4157 syllaba
1058 4099 1170 4160 anceps
1201 4089 1345 4157 censetur,

271 4183 361 4242 etiam
386 4180 502 4244 medias
524 4182 745 4244 vocabulorum
769 4182 904 4261 syllabas
930 4192 1075 4262 putemus
1102 4185 1248 4265 ancipites
1273 4203 1346 4261 csse,

271 4285 297 4344 si
313 4287 432 4346 suntin
448 4287 524 4364 arsi,
551 4296 605 4347 aut
624 4287 650 4347 si
666 4287 697 4345 in
718 4287 797 4346 thesi
812 4286 870 4346 alia
886 4305 979 4365 quam
996 4287 1146 4348 trochaica
1162 4289 1211 4348 vel
1228 4287 1348 4367 spondei
