2930 4962
243 387 283 450 38
645 403 700 446 nm.
722 405 753 446 n.
788 393 850 446 cir.
869 403 920 445 vn.

242 559 405 639 Dactylum
417 559 524 620 Graeci
540 577 601 619 non
614 558 672 619 nisi
687 559 719 618 in
735 560 857 618 nomine
868 556 992 637 proprio
1004 555 1181 622 admittunt.
1209 555 1325 618 Emen-

243 662 365 724 datione
381 681 459 742 opus
474 672 522 724 cst
537 664 569 724 in
584 659 738 742 Aristoph.
757 661 815 744 Eq.
830 661 902 722 aot.
933 661 999 720 Non
1014 667 1062 722 est
1075 669 1180 754 autem
1196 658 1240 721 ibi
1257 650 1327 742 ἱρὰς

242 765 460 846 scribendum,
480 785 541 846 qua
557 766 652 828 torma
669 785 730 828 nou
745 773 878 827 utuntur
893 763 1010 824 comici.

327 986 443 1069 5118.
471 991 605 1070 Tragici,
631 990 776 1068 quoniam
799 988 876 1049 haec
897 988 1029 1067 legitima
1045 995 1214 1065 systemata
1230 988 1329 1048 comi-

242 1113 348 1155 corum
364 1095 486 1174 propria
502 1092 707 1170 habebantur,
726 1101 782 1153 aut
796 1092 931 1172 incipere
946 1109 982 1151 ea
997 1090 1056 1152 alio
1072 1109 1201 1153 numero
1217 1091 1325 1166 solent,

242 1205 297 1258 ant
311 1196 409 1274 finire,
428 1205 464 1258 ut
478 1195 644 1276 Euripides
660 1197 692 1256 in
708 1196 815 1256 Oreste
831 1214 860 1255 v.
876 1196 948 1254 996.
968 1193 1017 1255 ed.
1038 1195 1119 1256 Pors.

329 1309 411 1379 ὅθεν
427 1308 496 1399 ἔρις
510 1311 550 1377 τό
562 1335 599 1376 το
615 1307 784 1398 πτερωτὸν

330 1409 427 1481 ἁλίου
442 1412 623 1498 μετέβαλον
638 1410 729 1500 ἅρμα

328 1515 389 1584 τὰν
404 1514 490 1604 πρὸς
504 1511 649 1603 ἑσπέραν
662 1515 825 1584 κέλευθον

330 1615 474 1708 οὐρανοῦ
489 1617 754 1706 προςαρμόοαοα

393 1720 593 1807 μονόπωλον
608 1719 643 1800 ἐς
657 1717 718 1790 οἰῶ.

329 1948 446 2032 §tta
480 1951 696 2014 Trimetros
722 1973 780 2014 nec
802 1952 989 2034 tragoediam
1017 1973 1118 2034 neque
1141 1954 1329 2016 comoediam

243 2075 392 2135 umquam
405 2057 566 2135 agnovisse
577 2064 659 2118 recte
671 2054 744 2118 dicit
756 2057 911 2118 Bentleius
924 2056 965 2117 ad
977 2058 1039 2118 Cic.
1055 2057 1090 2130 Q.
1103 2058 1194 2118 Tusc.
1210 2059 1261 2120 111.
1278 2059 1326 2118 m.

244 2161 276 2221 Si
292 2160 345 2241 qui
361 2159 492 2220 inveniri
507 2158 669 2238 videntur,
688 2168 724 2221 ut
738 2177 816 2239 quos
832 2158 1022 2222 Gaisfordius
1038 2158 1079 2221 ad
1091 2159 1187 2240 Heph.
1207 2179 1240 2241 p.
1254 2164 1325 2222 263.

243 2283 282 2325 ex
297 2246 390 2344 Soph.
411 2260 487 2323 Oed.
507 2261 570 2324 Col.
593 2265 686 2324 408⁴.
709 2264 801 2323 tuoe.
821 2263 926 2342 affert,
952 2265 1107 2344 pertinent
1121 2262 1162 2325 ad
1177 2265 1325 2345 epitritos,

247 2368 279 2428 V.
299 2375 402 2428 tamen
417 2366 515 2427 Elem.
536 2364 567 2427 d.
589 2384 628 2427 m.
649 2385 679 2445 p.
693 2367 754 2426 453

634 2591 943 2600 *eu-..—

684 2752 794 2821 OAP.
812 2753 900 2822 vn.

304 2923 363 2992 De
390 2920 637 2992 trochaicis
665 2922 942 2992 tetrametris
970 2922 1269 2994 catalectiois.

331 3103 446 3188 5120.
472 3107 697 3170 Vsitatissimus
712 3115 760 3168 est
782 3115 1021 3170 tetrameter
1042 3108 1327 3185 catalecticus,
1433 3101 1434 3130 ³

244 3231 403 3276 caesuram
416 3230 418 3234 ·
433 3210 552 3272 habens
582 3211 614 3269 in
644 3211 704 3272 fine
734 3209 891 3272 secundae
921 3211 1075 3292 dipodiae.
1120 3212 1197 3273 Eam
1227 3212 1332 3274 comici

244 3337 347 3398 saepe,
366 3315 471 3396 tragici
487 3315 539 3376 vix
555 3331 704 3393 nmquam
720 3313 889 3394 negligunt.
914 3311 1058 3396 Aeschyli
1070 3335 1195 3378 versum
1211 3317 1242 3376 in
1254 3317 1330 3378 Per-

245 3421 287 3481 sis
305 3420 376 3480 tot.

331 3512 438 3584 ταῦτα
452 3539 514 3599 μοι
529 3517 633 3607 διπλῆ
646 3511 774 3605 μέριμν’
792 3509 966 3606 ἄφραστος
981 3515 1070 3584 εὀτιν
1086 3516 1120 3585 ἐν
1135 3516 1265 3608 φρεσίν,

245 3645 305 3686 non
329 3622 410 3684 bene
432 3626 563 3685 correxit
584 3627 734 3687 Porsonus
757 3627 787 3685 in
807 3625 902 3706 praef.
929 3625 970 3688 ad
992 3626 1098 3705 Eurip.
1126 3628 1196 3688 Hec.
1224 3646 1254 3707 p.
1278 3629 1325 3688 43.

244 3724 448 3790 Scribendum
460 3722 603 3810 μέριμνα
615 3721 770 3813 φραστός.
797 3729 1033 3798 Excusationem
1046 3749 1063 3790 a
1076 3729 1242 3790 mutatione
1254 3748 1329 3809 per»

245 3851 347 3908 sonae,
367 3849 526 3894 caesuram
542 3841 681 3894 mutante
693 3852 749 3914 per
763 3849 894 3912 musam
910 3832 940 3892 in
953 3831 1118 3912 recitando,
1137 3833 1196 3894 hoo
1206 3834 1328 3913 Sopho·
1431 3837 1432 3866 ¹

112 3929 126 3938 “
244 3935 299 3995 ciis
314 3933 410 3996 habet
424 3937 456 3995 in
472 3935 593 3998 Philoct.
615 3937 707 3997 troo.

331 4038 371 4098 N.
392 4030 424 4100 εἰ
439 4034 542 4116 δοκεῖ,
559 4031 747 4119 στείχωμεν.
778 4039 818 4100 Φ.
835 4025 862 4099 ὦ
878 4035 1027 4121 γενναῖον
1042 4030 1181 4122 εἰρηκώς
1196 4031 1287 4112 ἔπος.

245 4143 280 4204 V.
299 4141 396 4202 Elem.
415 4141 446 4204 d.
466 4161 507 4203 m.
527 4160 557 4221 p.
571 4141 622 4202 37.
644 4141 693 4202 82.
