2930 4962
519 287 521 290 ’
619 311 787 354 valramo.
1208 313 1250 355 vn

158 481 285 545 quoque
304 463 338 526 11
359 479 475 544 genere
490 461 639 534 carminis
652 467 685 527 et
699 481 822 545 quoqne
838 461 955 528 in'loco
970 462 1096 541 usitati,
1121 470 1153 529 ot
1167 463 1245 546 apti,

158 575 192 635 et
206 569 281 634 boni
296 569 418 634 numeri
433 568 507 634 sint.
532 568 571 633 In
581 587 644 652 qua
658 588 693 635 re
706 568 766 634 etsi
781 569 872 648 illud,
886 569 970 654 quod
984 570 1078 636 modo
1089 568 1246 648 dicebam,

158 676 297 760 primum
311 695 382 741 esse
396 675 508 754 debet,
530 681 566 740 ut
587 675 657 758 quis
671 695 818 742 numeros
836 684 869 742 et
881 677 1011 758 firmiter
1031 678 1246 763 pronuntiare,

159 789 194 850 ct
213 783 388 850 secundum
402 782 529 848 ordines
546 801 701 866 quemque
714 801 789 849 suos
809 784 959 863 recitare,
983 792 1015 851 et
1030 804 1157 852 sensum
1171 806 1249 853 voce

83 941 94 958 .
159 897 245 958 recte
260 891 436 974 exprimere
450 889 547 957 sciat:
571 896 677 958 111111
691 890 734 956 ad
748 890 808 958 hoe
823 892 887 957 alia
902 893 998 958 etiam
1012 893 1144 960 accedat
1158 912 1250 959 ener-

159 997 269 1064 citatio
285 1003 418 1084 oportet,
442 1017 523 1082 quae
537 997 571 1064 in
585 1017 623 1064 eo
637 1003 779 1064 versatur
793 1005 828 1064 ut
842 999 912 1082 quis
927 1001 1025 1066 multa
1040 1000 1250 1083 diuturnaque

158 1105 312 1186 lectione,
337 1104 413 1190 qnid
431 1105 593 1190 proprium
607 1105 757 1189 cuiusque
772 1108 823 1172 vel
837 1107 928 1185 aevi,
952 1107 1003 1172 vel
1019 1105 1176 1172 scribendi
1191 1127 1249 1192 ge-

159 1211 267 1291 neris,
291 1214 342 1278 vel
356 1218 487 1297 poetae,
511 1215 563 1279 vel
577 1213 725 1279 carminis
740 1213 841 1280 locive
863 1214 919 1292 sit,
945 1213 1118 1280 diiudicare
1133 1214 1246 1281 discat.

160 1319 255 1398 Quod
271 1320 323 1404 qui
339 1321 488 1405 consequi
502 1321 629 1402 volunt,
652 1320 687 1387 id
700 1321 846 1406 inprimis
862 1341 972 1388 curare
987 1322 1116 1399 debent,
1136 1327 1250 1387 utnon

160 1429 278 1497 multos
293 1429 399 1507 simul,
413 1428 581 1495 sedunum
596 1428 803 1513 eumdemque
817 1435 944 1514 poetam
959 1449 1082 1514 quoque
1095 1434 1247 1514 tempore,

68 1597 76 1606 .
159 1555 296 1620 eumque
317 1537 438 1613 solum,
463 1543 495 1601 et
515 1535 628 1601 iterum
649 1537 896 1620 111111111111,
925 1557 1025 1621 neque
1040 1539 1173 1604 obseura
1193 1537 1250 1602 illa

159 1663 233 1710 cum
249 1643 432 1728 diligentia,
456 1663 537 1726 quae
557 1643 700 1727 singulas
718 1645 858 1730 syllabas
873 1651 967 1728 atque
982 1643 1089 1729 apices
1104 1644 1247 1723 rimatur,

159 1750 232 1829 sed,
249 1769 310 1833 quo
324 1751 388 1818 fine
403 1751 595 1836 scripserunt
609 1757 732 1835 poetae,
753 1751 969 1819 oblectationis
985 1769 1110 1830 caussa,
1128 1753 1246 1836 legant.

157 1859 245 1924 Nam
266 1858 326 1924 etsi
346 1879 406 1943 ego
428 1879 491 1925 non
513 1859 651 1939 issum,
684 1860 738 1942 qui
760 1880 782 1926 a
807 1859 959 1942 diligente
982 1864 1078 1942 atque
1102 1864 1251 1924 accurata

158 1971 301 2032 veterum
316 1967 503 2052 scriptorum
524 1965 658 2034 lectione
671 1965 839 2032 ,dehortari
859 1969 1057 2050 quemquam
1070 1971 1126 2032 aut
1145 1964 1249 2030 deter-

158 2093 229 2140 rere
243 2074 355 2153 velim,
380 2095 474 2158 quam
495 2073 688 2141 laudandam
703 2074 808 2159 potius
822 2094 860 2140 ae
875 2075 1077 2141 vehementer
1091 2092 1250 2139 commen-

159 2180 301 2248 dandam
329 2182 480 2249 arbitror:
516 2189 623 2248 tamen
651 2182 697 2246 ita
726 2181 846 2260 sentio,
878 2181 931 2265 qui
960 2187 1044 2248 recte
1066 2178 1250 2268 ‚intelligere

159 2289 330 2373 scriptores
349 2289 496 2373 antiquos
518 2289 611 2369 velit,
635 2307 708 2355 eum
729 2288 790 2354 hoc
811 2308 865 2355 eos
888 2289 950 2356 fine
965 2289 1107 2356 lectitare
1121 2288 1247 2365 debore,

161 2415 223 2480 quo
245 2395 307 2481 ipsi
327 2402 362 2462 ut
382 2398 575 2480 legerentur,
600 2396 853 2480 consonpserunt
871 2397 929 2464 hos
944 2397 1052 2464 libros.
1083 2395 1175 2473 Quod
1190 2395 1250 2461 etsi

160 2523 232 2582 nos,
259 2504 312 2587 qui
327 2511 359 2570 et
373 2505 522 2590 temporis
536 2509 625 2570 tanto
640 2504 806 2570 intervallo
822 2504 917 2569 abiis
932 2502 1059 2570 disereti
1075 2521 1194 2579 111111,
1219 2506 1251 2566 11

161 2617 309 2696 corrupta
323 2611 466 2696 plurimis
480 2611 513 2677 in
528 2611 606 2678 locis
621 2611 739 2695 scripta
754 2629 861 2676 eorum
876 2611 1041 2690 habemus,
1058 2628 1122 2674 nou
1136 2627 1250 2693 possu-

161 2738 231 2785 mus
246 2719 355 2799 aliter,
380 2740 474 2802 quam
495 2739 612 2802 magno
632 2717 838 2802 diligentique
860 2717 963 2784 studio
978 2717 1119 2796 efficere3
1144 2721 1250 2782 tamen

161 2827 208 2892 im
231 2827 382 2892 debemus
408 2833 587 2892 accuratam
612 2826 701 2892 illam
726 2826 891 2892 lectionem
917 2847 937 2891 a
966 2825 1124 2902 cursoria,
1156 2845 1251 2908 quam

161 2939 292 3012 vocant,
315 2932 513 3026 disiungere,
535 2939 570 2998 ut
591 2933 732 3000 cursoria
746 2934 802 2999 illa
816 2940 848 3000 et
862 2932 1093 3018 incipiendum,
1118 2937 1150 2998 et
1164 2930 1198 2996 in
1212 2951 1251 2997 ea

114 3123 118 3132 ¹
161 3039 334 3106 finiendum
355 3059 426 3106 esse
445 3039 689 3108 meminerimus.
721 3041 805 3108 Nam
828 3039 1041 3125 incipiendum
1064 3040 1104 3104 ab
1127 3059 1166 3106 ea
1188 3044 1248 3116 111,
1312 3045 1328 3076 ·

161 3152 196 3212 ut
210 3154 347 3212 mentem
362 3147 449 3232 prius
464 3147 689 3232 ingeniumque
703 3148 863 3232 scriptoris
885 3165 1131 3230 cognoscamus
1156 3165 1251 3228 quam

162 3255 202 3320 de
221 3254 356 3337 singulis
372 3255 440 3320 eius
455 3254 532 3320 locis
547 3237 680 3340 dictisve
699 3243 891 3333 iudicemus,
916 3261 947 3320 et
962 3252 1134 3318 finiendum
1149 3252 1182 3316 in
1198 3271 1248 3329 11,

162 3362 237 3445 quia
251 3361 429 3446 operosiore
451 3362 506 3427 illa
526 3367 558 3427 et
572 3362 765 3430 accuratiore
784 3361 917 3428 lectione
940 3360 999 3427 hoc
1019 3361 1123 3445 ipsum
1138 3378 1252 3425 eonse-

163 3469 216 3552 qni
232 3469 405 3547 studemus,
429 3474 463 3534 ut
477 3468 546 3534 sinc
560 3467 746 3534 difficultate
760 3470 865 3552 legere
881 3467 1063 3552 scriptorem
1079 3467 1247 3551 possimus.

162 3577 299 3642 Vbinam
320 3582 426 3642 autem
445 3575 505 3641 hoc
524 3574 644 3660 magis,
669 3597 764 3660 quam
784 3576 818 3642 in
832 3573 951 3661 poetis,
976 3575 1080 3640 facere
1095 3580 1248 3658 oporteat,

162 3683 216 3766 qui
232 3703 294 3750 non
310 3690 345 3748 11
360 3703 476 3768 magno
490 3701 562 3748 eum
576 3683 683 3748 labore
698 3679 820 3764 scripta·
831 3699 890 3746 sna
904 3681 1170 3766 pervestigamus,
1194 3680 1251 3746 sed

163 3795 198 3856 11
211 3791 413 3868 oblectamur,
431 3790 615 3875 animosque
629 3795 752 3856 nostros
768 3789 956 3856 commoveri
972 3789 1155 3868 sentiamus,
1180 3796 1251 3852 111-

165 3897 252 3962 mina
265 3897 322 3963 illa
337 3897 560 3964 condiderunt?
584 3897 782 3981 Omninoque
796 3896 824 3962 si
840 3895 909 3981 quis
925 3905 1066 3979 quaerat,
1080 3917 1135 3962 cur
1146 3895 1248 3972 multi,

163 4005 249 4089 iique
263 4004 437 4071 doctissimi
452 4005 595 4072 homines
609 4006 661 4072 vel
678 4003 805 4096 fuerint,
830 4005 882 4071 vel
896 4004 1069 4070 etiamnum
1083 4003 1158 4080 sint,
1183 4001 1248 4084 qui,

164 4113 191 4185 si
207 4131 315 4184 verum
336 4111 429 4182 lateri
443 4113 595 4190 velimus,
617 4113 739 4178 nullum
753 4131 902 4196 umquam
916 4115 1054 4177 veterem
1069 4109 1252 4194 scriptorem
