2922 4948
298 365 361 428 208
700 384 756 430 rm.
777 388 820 431 nr.
847 387 909 431 cnr.
929 389 976 431 xv.

383 537 407 617 §
422 534 499 602 573.
533 539 660 620 Propius
675 539 715 600 ad
731 559 793 620 eas,
813 542 1002 622 quaerulgo
1016 543 1160 624 strophae
1175 544 1379 622 appellantur,

299 639 418 701 accedit
440 641 532 704 trium
557 663 616 704 non
640 662 789 704 nexorum
812 663 960 707 versuum
988 647 1184 726 consociatio,
1218 657 1255 709 ut
1278 648 1309 708 in
1331 649 1382 708 hoc

298 744 464 805 Theocriti:

385 875 573 964 Ᾰρχίλοχον
593 878 651 944 καὶ
674 883 780 946 στᾶθι
801 877 859 946 καὶ
888 873 989 958 εἴςιδε
1011 879 1079 947 τὸν·
1090 879 1199 950 πάλαι
1222 884 1365 974 norpadi

425 979 569 1049 charein
594 977 734 1068 ἰάμβων,
762 972 803 1048 οὗ
823 981 863 1048 τὸ
884 979 1005 1072 μυρίον
1025 983 1122 1064 κλέος
1169 1010 1171 1014 ·

468 1085 588 1174 διῆλθε
610 1079 693 1174 κήπὶ
715 1085 814 1152 νύκτα
836 1084 894 1152 καὶ
916 1084 1002 1174 πρὸς
1023 1082 1085 1155 ἀῶ.

296 1235 342 1298 hd
367 1255 458 1316 quem
483 1235 608 1297 modum
632 1237 723 1297 etiam
746 1236 935 1316 longioribus
958 1239 1091 1318 strophis
1114 1240 1257 1303 luserunt
1280 1251 1381 1320 poetae

295 1338 433 1420 quidam,
458 1341 600 1420 syringiS,
625 1358 705 1420 arae,
732 1341 859 1418 securis5
882 1342 958 1419 alae,
981 1343 1031 1402 ovi
1052 1345 1184 1421 speciem
1202 1347 1380 1426 exprimen-

296 1455 351 1505 tes.
387 1445 421 1504 V.
442 1441 563 1504 hnthol.
583 1444 643 1505 vol.
665 1443 699 1506 li.
718 1462 749 1525 p.
771 1445 843 1504 603.
863 1441 912 1505 ed.
932 1443 1059 1506 iacohsii
1074 1464 1135 1508 seo.

379 1699 503 1784 5574.
549 1701 765 1766 Secundum
795 1724 914 1786 genus
943 1706 1184 1786 stropharum
1214 1706 1293 1770 illud
1324 1717 1375 1786 est,

296 1827 357 1889 quo
377 1806 543 1868 Aeclenses
564 1817 689 1888 poetae,
715 1805 865 1889 AlcaeuS,
893 1811 1032 1891 Sappho,
1057 1819 1145 1872 etex
1170 1811 1281 1873 Ionicis
1295 1810 1379 1873 Ana-

295 1931 396 1992 creon,
421 1913 471 1972 usi
487 1919 570 1989 sunt,
594 1909 678 1992 quod
693 1909 788 1973 breve
802 1922 860 1992 est,
885 1923 916 1975 et
930 1913 994 1976 fere
1009 1935 1048 1976 ex
1064 1924 1210 1994 quattuor
1225 1916 1374 1992 versibus,

294 2034 423 2077 numero
453 2014 619 2094 similibus,
654 2017 866 2095 compositum.
908 2018 942 2080 V.
969 2011 1094 2100 Dionys.
1121 2018 1186 2079 Hal.
1214 2018 1374 2098 decemp.

294 2119 381 2183 verb.
402 2138 428 2180 c.
451 2120 499 2179 ta.
518 2138 549 2199 p.
571 2119 643 2178 962.
679 2119 820 2180 Carmina
844 2119 953 2204 horum
974 2131 1135 2201 poetarum
1154 2120 1218 2182 fere
1241 2142 1376 2184 mono-

295 2221 503 2302 strophioa
528 2230 616 2302 sunt,
647 2221 666 2282 i.
687 2241 714 2283 e.
734 2221 873 2284 eamdem
897 2243 1020 2303 semper
1041 2225 1199 2305 stropham
1223 2215 1376 2306 repetitam

294 2326 419 2388 habent.
453 2323 502 2386 Ad
522 2344 557 2386 ea
578 2326 734 2405 pertinent
748 2329 856 2407 etiam,
884 2319 1178 2410 quorum'strophae
1194 2327 1295 2390 iactae
1311 2338 1376 2392 sunt

292 2423 378 2494 κατὰ
406 2421 593 2514 περικοπὴν
622 2418 867 2516 ἀνομοιομερῆ,
898 2432 1071 2494 cuiusmodi
1101 2431 1280 2513 exemplum
1310 2432 1375 2494 vide

292 2533 399 2616 §aad
432 2532 592 2613 Epodis,
619 2552 699 2614 quae
721 2533 865 2594 leminino
880 2554 991 2615 genere
1014 2535 1175 2615 dicuntur,
1203 2534 1243 2597 de
1266 2538 1375 2616 quibus

292 2637 370 2698 infra
387 2636 404 2719 ᾗ
422 2637 508 2716 576.,
527 2654 596 2697 raro
610 2636 642 2696 hi
658 2635 782 2716 quidem
799 2647 917 2719 poetae,
940 2639 1047 2701 eodem
1063 2639 1207 2718 Dionysio
1225 2648 1314 2719 teste,
1333 2641 1374 2702 usi

198 2783 202 2790 ·
293 2752 375 2805 sunt.
409 2739 457 2801 An
480 2740 573 2801 etiam
589 2741 722 2802 carmina
746 2738 874 2802 fecerint
895 2735 992 2804 κατὰ,
1005 2731 1133 2822 στίχον,
1158 2743 1178 2804 i.
1198 2762 1226 2804 e.
1246 2762 1309 2804 uno
1323 2763 1375 2824 ge-

292 2863 366 2906 nere
381 2861 492 2904 versus
507 2843 644 2924 repetito,
667 2852 699 2904 et
713 2862 775 2904 non
790 2844 822 2904 in
837 2845 978 2925 strophas
995 2844 1152 2927 disposito,
1171 2844 1304 2909 dubium
1320 2855 1371 2908 est.

292 2949 369 3010 Nam
392 2946 575 3028 Hephaestio
595 2966 630 3027 p.
652 2948 691 3008 65
720 2944 830 3028 (tlt).
857 2948 1040 3022 secundum,
1058 2959 1088 3011 et
1114 2949 1239 3011 tertium
1266 2950 1372 3012 librum

291 3051 436 3130 Sapphus
452 3057 483 3110 et
503 3041 589 3110 κατὰ
612 3040 726 3136 στίχον
746 3059 777 3112 et
795 3044 881 3113 κατὰ
905 3045 1054 3137 σύστημα
1075 3071 1165 3134 posse
1181 3053 1296 3115 iactum
1312 3072 1374 3115 esse

292 3155 414 3234 scribit,
441 3153 543 3234 prouti
563 3153 633 3233 quis
654 3171 728 3214 casu
743 3164 798 3216 aut
812 3156 937 3217 consilio
952 3175 1116 3218 numerum
1133 3175 1282 3218 versuum
1296 3175 1372 3219 nus-

292 3277 385 3340 quam
401 3259 550 3337 imparem
566 3257 696 3318 inveniri
712 3257 834 3320 credat:
860 3259 892 3319 in
914 3261 1047 3341 antiquis
1067 3259 1153 3322 libris
1169 3269 1273 3322 numm
1289 3261 1372 3322 binos

292 3381 415 3443 semper
444 3379 512 3424 esse
542 3363 729 3424 coniunctos.
779 3362 850 3423 Tale
881 3372 944 3443 est,
967 3361 1061 3444 'quod
1091 3365 1171 3424 inter
1201 3365 1370 3426 Theocritea

291 3467 459 3545 habemus,
491 3466 599 3526 XXIX.
640 3466 834 3545 Quamquam
857 3466 941 3528 nulla
965 3459 1051 3528 κατὰ
1074 3459 1187 3545 στίχον
1209 3467 1250 3529 ab
1276 3467 1370 3546 lyricis
1439 3487 1440 3526 l

291 3570 371 3630 faeta
393 3587 460 3630 esse
483 3570 616 3630 carmina
632 3587 759 3650 prorsus
781 3568 963 3632 incredibile
981 3578 1038 3630 est.
1073 3570 1253 3646 Cuiusmodi
1268 3571 1366 3647 fuisse,
1439 3555 1440 3618 l

292 3692 372 3752 quae
384 3672 556 3734 Phalaeceis
571 3671 838 3753 hendecasyllabis
853 3672 960 3735 aliisve
976 3673 1128 3735 similibus
1145 3675 1250 3736 metris
1265 3674 1367 3754 scripta

292 3783 379 3854 sunt,
407 3775 458 3835 vel
479 3777 654 3838 Latinorum
673 3785 848 3856 poetarum,
878 3785 913 3838 ut
934 3777 1061 3855 Catulli,
1091 3777 1231 3857 exempla
1254 3777 1364 3839 docent.
1439 3763 1440 3818 l

291 3881 359 3941 Fuit
372 3878 499 3940 sortasse
511 3898 550 3939 ex
562 3899 597 3940 eo
609 3898 719 3958 genere
735 3879 822 3958 illud,
842 3879 925 3961 quod
940 3882 971 3941 in
984 3880 1167 3942 Theocriteis
1183 3890 1231 3942 est
1243 3880 1364 3942 XXVlll.

377 4014 532 4100 γλαυκᾶς,
556 4002 583 4077 ὦ
604 4007 753 4102 poldon?
777 4007 940 4097 ἆλακάτα,
963 4015 1073 4100 δῶρον
1093 4011 1274 4095 ⁴z’ltictrdcec,

291 4163 375 4247 quod
396 4185 434 4226 ex
457 4166 508 4224 25.
527 4163 670 4224 versibus
693 4174 826 4243 constat,
853 4166 911 4226 nisi
934 4165 1010 4227 forte
1032 4165 1064 4226 id
1085 4165 1230 4245 singulari
1251 4163 1368 4226 artificio

290 4261 517 4352 παλινῳδικόν
537 4276 593 4328 est.
627 4267 703 4328 Mn
721 4269 745 4328 si
761 4270 981 4329 sententiarum
999 4270 1074 4329 ratic
1089 4277 1259 4348 spectatur,
1285 4264 1367 4326 modo
1439 4231 1440 4262 ¹
