2922 4948
336 337 373 378 DE
392 335 581 378 srnorunnvtt
600 336 629 377 tn
645 335 762 378 MEMBRA
780 337 829 378 SVA
846 335 1078 378 ntsrntttvrtonu.
1192 317 1254 378 229

246 486 362 570 5620.
389 493 496 574 ltaque
512 509 609 572 quum
625 491 711 572 prior
725 507 836 552 vorsus
851 491 932 552 arsi
956 491 1077 571 finitur,
1101 493 1252 571 posterior

158 603 264 657 autom
279 594 320 656 ab
337 597 525 657 anacrusi
544 596 668 676 incipit,
695 593 818 656 duobus
834 591 934 656 modis
951 587 1047 657 dividi
1056 579 1250 657 'vocabulum

157 707 269 782 potest,
285 699 395 778 primo,
411 707 446 760 ut
456 718 539 779 pars,
555 717 636 779 quac
652 700 683 758 in
696 675 846 778 scquc'ntc
858 716 951 760 vorsu
966 707 1024 777 ost,
1040 700 1205 762 anaorusin
1221 709 1252 761 ct

158 804 242 865 arsin
259 803 499 882 complectatur,
519 822 581 883 quo
595 801 784 886 pcrtinent§
801 804 872 864 oto.
893 803 1034 884 oxcmpla
1052 804 1145 864 l-l.
1171 821 1250 882 quac

157 927 220 969 non
233 907 324 986 plane
339 905 532 968 incommoda
545 905 655 969 divisio
671 916 728 986 cst,
748 915 783 969 ut
798 909 824 968 si
839 908 871 968 in
883 905 968 969 Pind.
985 906 1032 967 ol.
1050 907 1097 968 ΙΙΙ,
1113 907 1151 968 tt
1170 907 1245 988 (28).

157 1014 200 1074 ila
216 1010 354 1072 dividas:

246 1163 354 1246 δᾶμον
372 1157 604 1249 Ὑπερβορέων
626 1157 763 1240 πείσαις
784 1157 906 1230 Ἁπόλ-

246 1266 351 1346 λωνος
372 1261 570 1354 θεράποντα
593 1263 691 1354 λόγῳ.
792 1267 794 1271 ’

245 1527 360 1612 5621.
395 1529 513 1592 Deinde
535 1539 570 1592 ut
589 1530 639 1591 illa
661 1549 734 1611 pars
755 1532 854 1610 vocis,
884 1549 964 1610 quae
990 1542 1037 1592 cst
1059 1525 1249 1593 insecundo

158 1655 264 1714 vorsu,
284 1636 357 1697 nihil
374 1637 434 1697 nisi
449 1635 608 1696 anacrusis
623 1635 670 1696 vcl
686 1653 759 1715 pars
775 1653 959 1696 anacruscos
974 1638 1028 1696 sit:
1049 1635 1120 1696 vide
1135 1656 1248 1696 oxom-

157 1741 210 1821 pla
237 1741 372 1802 tto-20.
412 1741 455 1801 Ea
487 1757 558 1800 vcro
585 1757 680 1818 prava
703 1747 751 1799 cst
779 1737 897 1801 divisio.
937 1741 987 1802 Sio
1006 1740 1077 1800 olim
1105 1741 1136 1800 in
1158 1739 1242 1800 Pind.

157 1844 245 1924 Pyth.
266 1844 313 1904 lll.
335 1841 386 1904 97.
406 1841 619 1905 dividebatur:

247 1973 389 2065 ἔτραπεν
410 1971 562 2043 κάκεῖνον
583 1971 723 2064 άγάνορι
741 2001 799 2059 μι-

246 2087 324 2168 σθῷ
344 2077 464 2169 χρυσὸς
487 2077 520 2147 έν
542 2079 653 2167 χερσὶν
675 2077 803 2170 φανείς.

245 2342 360 2427 5622.
388 2346 420 2408 Si
436 2355 540 2409 autem
555 2347 588 2407 in
611 2345 746 2406 thesin
769 2347 833 2406 crit
853 2346 936 2426 pn‘or
952 2365 1078 2425 vorsus,
1104 2357 1249 2426 quattuor

159 2462 233 2514 suut
249 2450 408 2513 divisionis
424 2449 516 2512 modi.
551 2450 669 2510 Primus
693 2451 722 2510 in
748 2459 877 2527 utraque
894 2450 1034 2510 vocabuli
1056 2459 1141 2530 parto
1164 2454 1246 2512 arsin

158 2555 269 2634 habet,
295 2563 331 2616 ut
352 2557 383 2615 in
405 2554 556 2635 exemplis
573 2555 666 2614 5-8.
687 2573 726 2614 ex
742 2551 857 2634 quibus
873 2556 1005 2634 pessima
1028 2563 1101 2615 sunt
1118 2557 1146 2615 5.
1167 2563 1197 2615 et
1213 2555 1242 2614 7.

159 2670 194 2723 ut
209 2661 281 2721 olim
297 2660 328 2719 in
344 2659 430 2720 Pind.
451 2658 537 2738 Pyth.
558 2657 633 2718 Vlll.
655 2657 725 2716 129.

244 2790 453 2879 ὑποπτέροις
465 2787 545 2858 άνο-

246 2895 339 2985 ρέαις
363 2892 445 2980 έχων
466 2895 628 2983 κρέσσονα
649 2891 809 2962 πλούτου.

158 3052 190 3103 ot
202 3043 249 3103 Vl.
271 3042 322 3104 3⁴.

246 3172 425 3260 Μέμνονα·
448 3171 573 3242 Νεστά-

246 3303 337 3367 ρειον
360 3276 420 3364 γὰρ
444 3279 552 3355 ἵππος
572 3272 649 3365 ἅρμ’
673 3274 788 3344 ἐπέδα.

159 3427 246 3497 Quae
268 3431 341 3484 sunt
364 3423 486 3484 omnino
513 3419 685 3482 rciicicnda.
726 3419 854 3482 Facilius
878 3427 980 3482 autem
1010 3421 1248 3500 pronuntiantur

160 3527 300 3606 exempla
326 3529 354 3585 6.
375 3536 405 3586 ot
422 3527 449 3585 8.
474 3535 505 3586 ot
527 3527 552 3585 si
575 3544 636 3605 qua
658 3523 705 3583 his
727 3523 834 3584 similia
852 3533 940 3602 sunt,
967 3523 1038 3602 quia
1057 3523 1158 3583 minus
1174 3532 1247 3583 tur-

161 3632 237 3692 bant
252 3632 405 3710 propriam
423 3629 565 3691 vocabuli
581 3628 869 3708 pronuntiationem.
904 3629 943 3688 Vt
959 3628 1044 3690 Pind.
1064 3628 1111 3688 Ol.
1133 3628 1178 3686 lV.
1194 3628 1243 3687 to.

246 3762 469 3852 χρονιώτατον
490 3759 579 3854 φάος
600 3757 694 3851 εάρυ-
1066 3787 1089 3830 ο

247 3867 394 3936 σθενέανν
415 3863 546 3956 άρετάν,

246 4129 361 4213 5623.
395 4133 557 4195 &curdus
581 4133 692 4196 modus
715 4136 827 4212 ostis,
852 4151 914 4213 quo
928 4133 1012 4211 prior
1027 4131 1152 4211 qnirlom
1177 4150 1249 4211 pars

161 4237 304 4300 vocabuli
318 4240 424 4302 arsin
440 4237 550 4316 habet,
570 4235 705 4304 secunda
719 4246 823 4302 autom
839 4239 871 4300 iu
886 4236 1029 4299 anacrusi
1045 4237 1196 4316 consistit,
1216 4246 1251 4299 ut
