<?xml version="1.0" encoding="UTF-8"?>
<!DOCTYPE html PUBLIC "-//W3C//DTD XHTML 1.0 Transitional//EN"
    "http://www.w3.org/TR/xhtml1/DTD/xhtml1-transitional.dtd">
<html xmlns="http://www.w3.org/1999/xhtml" xml:lang="en" lang="en">
 <head>
  <title>
</title>
<meta http-equiv="Content-Type" content="text/html;charset=utf-8" />
  <meta name='ocr-system' content='tesseract 3.04.00' />
  <meta name='ocr-capabilities' content='ocr_page ocr_carea ocr_par ocr_line ocrx_word'/>
</head>
<body>
  <div class='ocr_page' id='page_1' title='image "./doctrinaemetric00hermgoog/doctrinaemetric00hermgoog_0249.png"; bbox 0 0 2922 4948; ppageno 0'>
   <div class='ocr_carea' id='block_1_1' title="bbox 276 344 979 410">
    <p class='ocr_par' dir='ltr' id='par_1_1' title="bbox 276 344 979 410">
     <span class='ocr_line' id='line_1_1' title="bbox 276 344 979 410; baseline -0.001 -2"><span class='ocrx_word' id='word_1_1' title='bbox 276 344 340 408; x_wconf 70' lang='lat'>226</span> <span class='ocrx_word' id='word_1_2' title='bbox 661 363 718 405; x_wconf 75' lang='lat' dir='ltr'>rm.</span> <span class='ocrx_word' id='word_1_3' title='bbox 738 347 795 410; x_wconf 79' lang='lat' dir='ltr'>ui..</span> <span class='ocrx_word' id='word_1_4' title='bbox 815 363 878 406; x_wconf 75' lang='lat' dir='ltr'>oar.</span> <span class='ocrx_word' id='word_1_5' title='bbox 897 363 979 408; x_wconf 75' lang='lat' dir='ltr'>urm.</span> 
     </span>
    </p>
   </div>
   <div class='ocr_carea' id='block_1_2' title="bbox 277 513 1359 1223">
    <p class='ocr_par' dir='ltr' id='par_1_2' title="bbox 277 513 1359 1223">
     <span class='ocr_line' id='line_1_2' title="bbox 364 513 1355 598; baseline -0.002 -18"><span class='ocrx_word' id='word_1_6' title='bbox 364 513 479 598; x_wconf 68' lang='lat'><strong>5613.</strong></span> <span class='ocrx_word' id='word_1_7' title='bbox 514 515 580 578; x_wconf 80' lang='lat' dir='ltr'>Alia</span> <span class='ocrx_word' id='word_1_8' title='bbox 597 518 673 580; x_wconf 92' lang='lat' dir='ltr'>ratio</span> <span class='ocrx_word' id='word_1_9' title='bbox 688 525 736 578; x_wconf 88' lang='lat' dir='ltr'>est</span> <span class='ocrx_word' id='word_1_10' title='bbox 753 535 898 580; x_wconf 87' lang='lat' dir='ltr'>versuum</span> <span class='ocrx_word' id='word_1_11' title='bbox 915 535 1125 596; x_wconf 85' lang='lat' dir='ltr'>nexorum,</span> <span class='ocrx_word' id='word_1_12' title='bbox 1152 519 1355 598; x_wconf 85' lang='lat' dir='ltr'>quiquoniam</span> 
     </span>
     <span class='ocr_line' id='line_1_3' title="bbox 280 621 1358 702; baseline -0.004 -16"><span class='ocrx_word' id='word_1_13' title='bbox 280 643 341 686; x_wconf 88' lang='lat' dir='ltr'>una</span> <span class='ocrx_word' id='word_1_14' title='bbox 356 623 562 702; x_wconf 76' lang='lat' dir='ltr'>perpetuitate</span> <span class='ocrx_word' id='word_1_15' title='bbox 577 623 699 684; x_wconf 85' lang='lat' dir='ltr'>numeri</span> <span class='ocrx_word' id='word_1_16' title='bbox 714 621 893 701; x_wconf 77' lang='lat' dir='ltr'>cohaerent,</span> <span class='ocrx_word' id='word_1_17' title='bbox 919 639 979 683; x_wconf 90' lang='lat' dir='ltr'>non</span> <span class='ocrx_word' id='word_1_18' title='bbox 1002 621 1057 684; x_wconf 88' lang='lat' dir='ltr'>ubi</span> <span class='ocrx_word' id='word_1_19' title='bbox 1078 637 1227 684; x_wconf 83' lang='lat' dir='ltr'>numerus</span> <span class='ocrx_word' id='word_1_20' title='bbox 1243 623 1358 684; x_wconf 84' lang='lat' dir='ltr'>liniatur</span> 
     </span>
     <span class='ocr_line' id='line_1_4' title="bbox 283 725 1357 810; baseline 0 -22"><span class='ocrx_word' id='word_1_21' title='bbox 283 727 354 810; x_wconf 78' lang='lat' dir='ltr'>(non</span> <span class='ocrx_word' id='word_1_22' title='bbox 377 727 483 788; x_wconf 91' lang='lat' dir='ltr'>finitur</span> <span class='ocrx_word' id='word_1_23' title='bbox 505 726 587 788; x_wconf 89' lang='lat' dir='ltr'>enim</span> <span class='ocrx_word' id='word_1_24' title='bbox 611 726 670 786; x_wconf 89' lang='lat' dir='ltr'>nisi</span> <span class='ocrx_word' id='word_1_25' title='bbox 696 745 767 788; x_wconf 92' lang='lat' dir='ltr'>cum</span> <span class='ocrx_word' id='word_1_26' title='bbox 793 727 860 806; x_wconf 86' lang='lat' dir='ltr'>ipso</span> <span class='ocrx_word' id='word_1_27' title='bbox 882 726 1074 809; x_wconf 79' lang='lat' dir='ltr'>systemate),</span> <span class='ocrx_word' id='word_1_28' title='bbox 1103 725 1159 788; x_wconf 89' lang='lat' dir='ltr'>sed</span> <span class='ocrx_word' id='word_1_29' title='bbox 1182 726 1237 788; x_wconf 87' lang='lat' dir='ltr'>ubi</span> <span class='ocrx_word' id='word_1_30' title='bbox 1261 736 1357 805; x_wconf 86' lang='lat' dir='ltr'>partes</span> 
     </span>
     <span class='ocr_line' id='line_1_5' title="bbox 277 829 1358 911; baseline -0.003 -18"><span class='ocrx_word' id='word_1_31' title='bbox 277 834 345 894; x_wconf 87' lang='lat' dir='ltr'>cius</span> <span class='ocrx_word' id='word_1_32' title='bbox 360 829 622 892; x_wconf 84' lang='lat' dir='ltr'>disterminandac</span> <span class='ocrx_word' id='word_1_33' title='bbox 636 831 715 909; x_wconf 88' lang='lat' dir='ltr'>sint,</span> <span class='ocrx_word' id='word_1_34' title='bbox 741 831 910 910; x_wconf 85' lang='lat' dir='ltr'>quaeritur.</span> <span class='ocrx_word' id='word_1_35' title='bbox 945 831 984 890; x_wconf 85' lang='lat' dir='ltr'>Et</span> <span class='ocrx_word' id='word_1_36' title='bbox 1004 829 1245 911; x_wconf 89' lang='lat' dir='ltr'>primoquidem</span> <span class='ocrx_word' id='word_1_37' title='bbox 1267 847 1358 892; x_wconf 88' lang='lat' dir='ltr'>usus</span> 
     </span>
     <span class='ocr_line' id='line_1_6' title="bbox 278 931 1358 1014; baseline -0.002 -17"><span class='ocrx_word' id='word_1_38' title='bbox 278 933 492 998; x_wconf 86' lang='lat' dir='ltr'>observandus</span> <span class='ocrx_word' id='word_1_39' title='bbox 514 943 578 1013; x_wconf 92' lang='lat' dir='ltr'>est,</span> <span class='ocrx_word' id='word_1_40' title='bbox 604 934 660 1014; x_wconf 88' lang='lat' dir='ltr'>qui</span> <span class='ocrx_word' id='word_1_41' title='bbox 678 931 815 1014; x_wconf 80' lang='lat' dir='ltr'>diligenti</span> <span class='ocrx_word' id='word_1_42' title='bbox 837 936 992 996; x_wconf 85' lang='lat' dir='ltr'>notatione</span> <span class='ocrx_word' id='word_1_43' title='bbox 1007 935 1140 1014; x_wconf 85' lang='lat' dir='ltr'>optimae</span> <span class='ocrx_word' id='word_1_44' title='bbox 1156 933 1358 996; x_wconf 86' lang='lat' dir='ltr'>membmrum</span> 
     </span>
     <span class='ocr_line' id='line_1_7' title="bbox 277 1037 1359 1121; baseline -0.001 -20"><span class='ocrx_word' id='word_1_45' title='bbox 277 1038 436 1102; x_wconf 84' lang='lat' dir='ltr'>divisionis</span> <span class='ocrx_word' id='word_1_46' title='bbox 462 1039 621 1120; x_wconf 82' lang='lat' dir='ltr'>colligitur.</span> <span class='ocrx_word' id='word_1_47' title='bbox 660 1038 699 1102; x_wconf 82' lang='lat' dir='ltr'>Vt</span> <span class='ocrx_word' id='word_1_48' title='bbox 724 1037 780 1100; x_wconf 93' lang='lat' dir='ltr'>ubi</span> <span class='ocrx_word' id='word_1_49' title='bbox 806 1039 919 1118; x_wconf 82' lang='lat' dir='ltr'>epitriti</span> <span class='ocrx_word' id='word_1_50' title='bbox 946 1058 1016 1100; x_wconf 89' lang='lat' dir='ltr'>cum</span> <span class='ocrx_word' id='word_1_51' title='bbox 1041 1038 1203 1121; x_wconf 76' lang='lat' dir='ltr'>dactylicis</span> <span class='ocrx_word' id='word_1_52' title='bbox 1228 1040 1359 1102; x_wconf 73' lang='lat' dir='ltr'>numeru</span> 
     </span>
     <span class='ocr_line' id='line_1_8' title="bbox 277 1143 618 1223; baseline -0.009 -17"><span class='ocrx_word' id='word_1_53' title='bbox 277 1145 501 1223; x_wconf 84' lang='lat' dir='ltr'>consociantur,</span> <span class='ocrx_word' id='word_1_54' title='bbox 521 1143 618 1205; x_wconf 84' lang='lat' dir='ltr'>veluti</span> 
     </span>
    </p>
   </div>
   <div class='ocr_carea' id='block_1_3' title="bbox 361 1262 723 1312">
    <p class='ocr_par' dir='ltr' id='par_1_3' title="bbox 361 1262 723 1312">
     <span class='ocr_line' id='line_1_9' title="bbox 361 1262 723 1312; baseline 0 -2"><span class='ocrx_word' id='word_1_55' title='bbox 361 1262 723 1312; x_wconf 67' lang='lat' dir='ltr'><em>L·.).&#39;..LvL...&#39;.w.w..</em></span> 
     </span>
    </p>
   </div>
   <div class='ocr_carea' id='block_1_4' title="bbox 276 1385 1360 1675">
    <p class='ocr_par' dir='ltr' id='par_1_4' title="bbox 276 1385 1360 1675">
     <span class='ocr_line' id='line_1_10' title="bbox 277 1385 1360 1467; baseline -0.002 -19"><span class='ocrx_word' id='word_1_56' title='bbox 277 1390 317 1448; x_wconf 86' lang='lat' dir='ltr'>ita</span> <span class='ocrx_word' id='word_1_57' title='bbox 333 1387 396 1450; x_wconf 85' lang='lat' dir='ltr'>lere</span> <span class='ocrx_word' id='word_1_58' title='bbox 413 1385 552 1447; x_wconf 89' lang='lat' dir='ltr'>membra</span> <span class='ocrx_word' id='word_1_59' title='bbox 569 1385 668 1448; x_wconf 92' lang='lat' dir='ltr'>divisa</span> <span class='ocrx_word' id='word_1_60' title='bbox 684 1403 752 1446; x_wconf 88' lang='lat' dir='ltr'>esse</span> <span class='ocrx_word' id='word_1_61' title='bbox 768 1387 982 1466; x_wconf 81' lang='lat' dir='ltr'>intelligimus,</span> <span class='ocrx_word' id='word_1_62' title='bbox 1008 1394 1058 1466; x_wconf 88' lang='lat' dir='ltr'>ut,</span> <span class='ocrx_word' id='word_1_63' title='bbox 1082 1405 1162 1466; x_wconf 87' lang='lat' dir='ltr'>quae</span> <span class='ocrx_word' id='word_1_64' title='bbox 1179 1386 1296 1467; x_wconf 83' lang='lat' dir='ltr'>syllaba</span> <span class='ocrx_word' id='word_1_65' title='bbox 1311 1396 1360 1448; x_wconf 88' lang='lat' dir='ltr'>aut</span> 
     </span>
     <span class='ocr_line' id='line_1_11' title="bbox 277 1487 1358 1577; baseline 0.001 -26"><span class='ocrx_word' id='word_1_66' title='bbox 277 1491 372 1568; x_wconf 78' lang='lat' dir='ltr'>thesis</span> <span class='ocrx_word' id='word_1_67' title='bbox 396 1491 505 1551; x_wconf 84' lang='lat' dir='ltr'>finiens</span> <span class='ocrx_word' id='word_1_68' title='bbox 528 1490 719 1569; x_wconf 89' lang='lat' dir='ltr'>membrum,</span> <span class='ocrx_word' id='word_1_69' title='bbox 750 1499 804 1552; x_wconf 89' lang='lat' dir='ltr'>aut</span> <span class='ocrx_word' id='word_1_70' title='bbox 829 1491 987 1552; x_wconf 84' lang='lat' dir='ltr'>anacrusis</span> <span class='ocrx_word' id='word_1_71' title='bbox 1013 1487 1190 1553; x_wconf 75' lang='lat' dir='ltr'>membrum</span> <span class='ocrx_word' id='word_1_72' title='bbox 1216 1492 1358 1577; x_wconf 87' lang='lat' dir='ltr'>incipiens</span> 
     </span>
     <span class='ocr_line' id='line_1_12' title="bbox 276 1594 915 1675; baseline 0 -21"><span class='ocrx_word' id='word_1_73' title='bbox 276 1613 344 1656; x_wconf 86' lang='lat' dir='ltr'>esse</span> <span class='ocrx_word' id='word_1_74' title='bbox 360 1602 470 1675; x_wconf 88' lang='lat' dir='ltr'>potest,</span> <span class='ocrx_word' id='word_1_75' title='bbox 490 1594 584 1656; x_wconf 91' lang='lat' dir='ltr'>thesis</span> <span class='ocrx_word' id='word_1_76' title='bbox 599 1596 702 1675; x_wconf 91' lang='lat' dir='ltr'>potius</span> <span class='ocrx_word' id='word_1_77' title='bbox 718 1613 787 1656; x_wconf 88' lang='lat' dir='ltr'>esse</span> <span class='ocrx_word' id='word_1_78' title='bbox 802 1595 915 1656; x_wconf 89' lang='lat' dir='ltr'>soleat:</span> 
     </span>
    </p>
   </div>
   <div class='ocr_carea' id='block_1_5' title="bbox 360 1712 758 1800">
    <p class='ocr_par' dir='ltr' id='par_1_5' title="bbox 360 1712 758 1800">
     <span class='ocr_line' id='line_1_13' title="bbox 360 1712 758 1800; baseline 0.005 -40"><span class='ocrx_word' id='word_1_79' title='bbox 360 1712 551 1762; x_wconf 51' lang='lat' dir='ltr'>Leuce-</span> <span class='ocrx_word' id='word_1_80' title='bbox 568 1712 572 1800; x_wconf 74' lang='grc'>1</span> <span class='ocrx_word' id='word_1_81' title='bbox 588 1713 758 1762; x_wconf 62' lang='lat' dir='ltr'>Luta-w..</span> 
     </span>
    </p>
   </div>
   <div class='ocr_carea' id='block_1_6' title="bbox 277 1837 563 1916">
    <p class='ocr_par' dir='ltr' id='par_1_6' title="bbox 277 1837 563 1916">
     <span class='ocr_line' id='line_1_14' title="bbox 277 1837 563 1916; baseline 0 -18"><span class='ocrx_word' id='word_1_82' title='bbox 277 1851 371 1916; x_wconf 86' lang='lat' dir='ltr'>quam</span> <span class='ocrx_word' id='word_1_83' title='bbox 387 1837 563 1899; x_wconf 86' lang='lat' dir='ltr'>anacrusis:</span> 
     </span>
    </p>
   </div>
   <div class='ocr_carea' id='block_1_7' title="bbox 360 1955 760 2043">
    <p class='ocr_par' dir='ltr' id='par_1_7' title="bbox 360 1955 760 2043">
     <span class='ocr_line' id='line_1_15' title="bbox 360 1955 760 2043; baseline 0.005 -39"><span class='ocrx_word' id='word_1_84' title='bbox 360 1956 529 2005; x_wconf 67' lang='lat' dir='ltr'>LvL-Lv..</span> <span class='ocrx_word' id='word_1_85' title='bbox 544 1955 549 2043; x_wconf 55' lang='lat' dir='ltr'><strong>j</strong></span> <span class='ocrx_word' id='word_1_86' title='bbox 566 1957 760 2006; x_wconf 62' lang='lat' dir='ltr'>,Aoo-co.</span> 
     </span>
    </p>
   </div>
   <div class='ocr_carea' id='block_1_8' title="bbox 274 2183 1357 2476">
    <p class='ocr_par' dir='ltr' id='par_1_8' title="bbox 274 2183 1357 2476">
     <span class='ocr_line' id='line_1_16' title="bbox 360 2183 1357 2266; baseline -0.003 -15"><span class='ocrx_word' id='word_1_87' title='bbox 360 2183 476 2266; x_wconf 68' lang='lat'><strong>5614.</strong></span> <span class='ocrx_word' id='word_1_88' title='bbox 511 2185 627 2248; x_wconf 89' lang='lat' dir='ltr'>Deinde</span> <span class='ocrx_word' id='word_1_89' title='bbox 642 2188 734 2248; x_wconf 85' lang='lat' dir='ltr'>etiam</span> <span class='ocrx_word' id='word_1_90' title='bbox 756 2187 788 2246; x_wconf 92' lang='lat' dir='ltr'>in</span> <span class='ocrx_word' id='word_1_91' title='bbox 802 2185 946 2246; x_wconf 90' lang='lat' dir='ltr'>versibus</span> <span class='ocrx_word' id='word_1_92' title='bbox 970 2187 1058 2248; x_wconf 85' lang='lat' dir='ltr'>nexis</span> <span class='ocrx_word' id='word_1_93' title='bbox 1079 2205 1268 2248; x_wconf 86' lang='lat' dir='ltr'>mensura</span> <span class='ocrx_word' id='word_1_94' title='bbox 1290 2207 1357 2250; x_wconf 88' lang='lat' dir='ltr'>an-</span> 
     </span>
     <span class='ocr_line' id='line_1_17' title="bbox 274 2288 1357 2372; baseline 0.001 -22"><span class='ocrx_word' id='word_1_95' title='bbox 274 2308 368 2369; x_wconf 87' lang='lat' dir='ltr'>ceps</span> <span class='ocrx_word' id='word_1_96' title='bbox 383 2291 476 2352; x_wconf 86' lang='lat' dir='ltr'>finem</span> <span class='ocrx_word' id='word_1_97' title='bbox 492 2290 703 2352; x_wconf 89' lang='lat' dir='ltr'>membrorum</span> <span class='ocrx_word' id='word_1_98' title='bbox 718 2288 842 2372; x_wconf 89' lang='lat' dir='ltr'>indicat,</span> <span class='ocrx_word' id='word_1_99' title='bbox 862 2288 917 2352; x_wconf 93' lang='lat' dir='ltr'>sed</span> <span class='ocrx_word' id='word_1_100' title='bbox 934 2299 1053 2354; x_wconf 86' lang='lat' dir='ltr'>tantum</span> <span class='ocrx_word' id='word_1_101' title='bbox 1071 2291 1100 2350; x_wconf 92' lang='lat' dir='ltr'>in</span> <span class='ocrx_word' id='word_1_102' title='bbox 1117 2289 1223 2351; x_wconf 88' lang='lat' dir='ltr'>thesi</span> <span class='ocrx_word' id='word_1_103' title='bbox 1239 2310 1357 2370; x_wconf 90' lang='lat' dir='ltr'>spon-</span> 
     </span>
     <span class='ocr_line' id='line_1_18' title="bbox 275 2391 1357 2476; baseline 0 -22"><span class='ocrx_word' id='word_1_104' title='bbox 275 2391 391 2454; x_wconf 89' lang='lat' dir='ltr'>diaoa</span> <span class='ocrx_word' id='word_1_105' title='bbox 412 2395 691 2474; x_wconf 82' lang='lat' dir='ltr'>epitritorum,</span> <span class='ocrx_word' id='word_1_106' title='bbox 718 2403 749 2456; x_wconf 88' lang='lat' dir='ltr'>et</span> <span class='ocrx_word' id='word_1_107' title='bbox 770 2395 802 2456; x_wconf 88' lang='lat' dir='ltr'>in</span> <span class='ocrx_word' id='word_1_108' title='bbox 826 2393 1236 2476; x_wconf 87' lang='lat' dir='ltr'>thesiantispastioa.</span> <span class='ocrx_word' id='word_1_109' title='bbox 1270 2396 1357 2456; x_wconf 90' lang='lat' dir='ltr'>Etin</span> 
     </span>
    </p>
   </div>
   <div class='ocr_carea' id='block_1_9' title="bbox 274 2497 1357 2665">
    <p class='ocr_par' dir='ltr' id='par_1_9' title="bbox 274 2497 1357 2665">
     <span class='ocr_line' id='line_1_19' title="bbox 274 2497 1357 2578; baseline 0.001 -20"><span class='ocrx_word' id='word_1_110' title='bbox 274 2505 404 2577; x_wconf 88' lang='lat' dir='ltr'>utraque</span> <span class='ocrx_word' id='word_1_111' title='bbox 421 2497 547 2578; x_wconf 85' lang='lat' dir='ltr'>quidam</span> <span class='ocrx_word' id='word_1_112' title='bbox 564 2517 625 2562; x_wconf 90' lang='lat' dir='ltr'>non</span> <span class='ocrx_word' id='word_1_113' title='bbox 640 2498 741 2560; x_wconf 87' lang='lat' dir='ltr'>solum</span> <span class='ocrx_word' id='word_1_114' title='bbox 757 2499 788 2560; x_wconf 94' lang='lat' dir='ltr'>in</span> <span class='ocrx_word' id='word_1_115' title='bbox 805 2499 865 2560; x_wconf 88' lang='lat' dir='ltr'>line</span> <span class='ocrx_word' id='word_1_116' title='bbox 882 2497 1039 2578; x_wconf 85' lang='lat' dir='ltr'>vocabuli,</span> <span class='ocrx_word' id='word_1_117' title='bbox 1062 2497 1117 2560; x_wconf 91' lang='lat' dir='ltr'>sed</span> <span class='ocrx_word' id='word_1_118' title='bbox 1136 2500 1228 2560; x_wconf 88' lang='lat' dir='ltr'>etiarn</span> <span class='ocrx_word' id='word_1_119' title='bbox 1245 2500 1277 2560; x_wconf 90' lang='lat' dir='ltr'>in</span> <span class='ocrx_word' id='word_1_120' title='bbox 1294 2518 1357 2559; x_wconf 87' lang='lat' dir='ltr'>me-</span> 
     </span>
     <span class='ocr_line' id='line_1_20' title="bbox 274 2599 804 2665; baseline 0.004 -4"><span class='ocrx_word' id='word_1_121' title='bbox 274 2599 324 2662; x_wconf 90' lang='lat' dir='ltr'>dia</span> <span class='ocrx_word' id='word_1_122' title='bbox 341 2621 425 2664; x_wconf 89' lang='lat' dir='ltr'>voce.</span> <span class='ocrx_word' id='word_1_123' title='bbox 451 2601 602 2665; x_wconf 88' lang='lat' dir='ltr'>Pindarus</span> <span class='ocrx_word' id='word_1_124' title='bbox 617 2602 664 2665; x_wconf 91' lang='lat' dir='ltr'>Ol.</span> <span class='ocrx_word' id='word_1_125' title='bbox 685 2602 732 2665; x_wconf 89' lang='lat' dir='ltr'>Vl.</span> <span class='ocrx_word' id='word_1_126' title='bbox 754 2603 804 2663; x_wconf 87' lang='lat'>30.</span> 
     </span>
    </p>
   </div>
   <div class='ocr_carea' id='block_1_10' title="bbox 274 2689 1210 3154">
    <p class='ocr_par' dir='ltr' id='par_1_10' title="bbox 274 2689 1210 2924">
     <span class='ocr_line' id='line_1_21' title="bbox 361 2689 1210 2810; baseline 0.007 -28"><span class='ocrx_word' id='word_1_127' title='bbox 361 2712 458 2804; x_wconf 78' lang='grc' dir='ltr'><em>ἀνδρὶ</em></span> <span class='ocrx_word' id='word_1_128' title='bbox 481 2716 594 2803; x_wconf 81' lang='grc' dir='ltr'><em>κώμου</em></span> <span class='ocrx_word' id='word_1_129' title='bbox 618 2716 769 2810; x_wconf 75' lang='grc' dir='ltr'><strong><em>δεσπότᾳ</em></strong></span> <span class='ocrx_word' id='word_1_130' title='bbox 792 2716 862 2808; x_wconf 80' lang='grc' dir='ltr'>πάρ</span> <span class='ocrx_word' id='word_1_131' title='bbox 877 2757 895 2771; x_wconf 90' lang='grc'>-</span> <span class='ocrx_word' id='word_1_132' title='bbox 909 2727 981 2788; x_wconf 70' lang='lat' dir='ltr'>corr</span> <span class='ocrx_word' id='word_1_133' title='bbox 1001 2689 1210 2808; x_wconf 63' lang='grc' dir='ltr'><strong><em>Συρακοσίῳ.</em></strong></span> 
     </span>
     <span class='ocr_line' id='line_1_22' title="bbox 274 2841 730 2924; baseline 0.009 -22"><span class='ocrx_word' id='word_1_134' title='bbox 274 2841 445 2924; x_wconf 84' lang='lat' dir='ltr'>Aeschylus</span> <span class='ocrx_word' id='word_1_135' title='bbox 463 2846 543 2905; x_wconf 79' lang='lat' dir='ltr'>Pers</span> <span class='ocrx_word' id='word_1_136' title='bbox 565 2845 637 2906; x_wconf 69' lang='lat'><strong>282.</strong></span> <span class='ocrx_word' id='word_1_137' title='bbox 658 2843 730 2908; x_wconf 72' lang='lat'><strong>288.</strong></span> 
     </span>
    </p>

    <p class='ocr_par' dir='ltr' id='par_1_11' title="bbox 360 2951 1026 3052">
     <span class='ocr_line' id='line_1_23' title="bbox 360 2951 1026 3052; baseline 0.003 -26"><span class='ocrx_word' id='word_1_138' title='bbox 360 2951 496 3040; x_wconf 71' lang='grc' dir='ltr'><strong><em>ἔθεσαν,</em></strong></span> <span class='ocrx_word' id='word_1_139' title='bbox 522 2957 610 3044; x_wconf 77' lang='grc' dir='ltr'><strong><em>αἰαῖ,</em></strong></span> <span class='ocrx_word' id='word_1_140' title='bbox 626 2999 642 3011; x_wconf 93' lang='grc'>-</span> <span class='ocrx_word' id='word_1_141' title='bbox 659 2967 803 3050; x_wconf 61' lang='lat' dir='ltr'>orooro&amp;</span> <span class='ocrx_word' id='word_1_142' title='bbox 825 2959 1026 3052; x_wconf 70' lang='grc' dir='ltr'><em>φθαρέντος.</em></span> 
     </span>
    </p>

    <p class='ocr_par' dir='ltr' id='par_1_12' title="bbox 360 3056 981 3154">
     <span class='ocr_line' id='line_1_24' title="bbox 360 3056 981 3154; baseline 0.003 -24"><span class='ocrx_word' id='word_1_143' title='bbox 360 3059 493 3130; x_wconf 74' lang='grc' dir='ltr'><strong><em>ἔκτισαν</em></strong></span> <span class='ocrx_word' id='word_1_144' title='bbox 515 3056 584 3132; x_wconf 73' lang='lat' dir='ltr'>cr&#39;r&#39;vt</span> <span class='ocrx_word' id='word_1_145' title='bbox 599 3103 616 3114; x_wconf 89' lang='lat'><em>-</em></span> <span class='ocrx_word' id='word_1_146' title='bbox 632 3065 693 3143; x_wconf 74' lang='lat' dir='ltr'>doc</span> <span class='ocrx_word' id='word_1_147' title='bbox 715 3059 765 3154; x_wconf 79' lang='grc' dir='ltr'>ἠδ’</span> <span class='ocrx_word' id='word_1_148' title='bbox 790 3061 981 3152; x_wconf 73' lang='grc' dir='ltr'><strong><em>ἀνάνδρους.</em></strong></span> 
     </span>
    </p>
   </div>
   <div class='ocr_carea' id='block_1_11' title="bbox 271 3299 1435 3680">
    <p class='ocr_par' dir='ltr' id='par_1_13' title="bbox 271 3299 1435 3680">
     <span class='ocr_line' id='line_1_25' title="bbox 359 3299 1435 3386; baseline 0.004 -20"><span class='ocrx_word' id='word_1_149' title='bbox 359 3299 475 3384; x_wconf 70' lang='grc'><strong>5615.</strong></span> <span class='ocrx_word' id='word_1_150' title='bbox 505 3305 649 3384; x_wconf 80' lang='lat' dir='ltr'>Magnum</span> <span class='ocrx_word' id='word_1_151' title='bbox 665 3314 879 3384; x_wconf 78' lang='lat' dir='ltr'>argumentum</span> <span class='ocrx_word' id='word_1_152' title='bbox 894 3323 1016 3385; x_wconf 86' lang='lat' dir='ltr'>porroa</span> <span class='ocrx_word' id='word_1_153' title='bbox 1034 3304 1227 3370; x_wconf 87' lang='lat' dir='ltr'>divisione</span> <span class='ocrx_word' id='word_1_154' title='bbox 1243 3327 1355 3372; x_wconf 90' lang='lat' dir='ltr'>voca·</span> <span class='ocrx_word' id='word_1_155' title='bbox 1434 3345 1435 3386; x_wconf 51' lang='lat' dir='ltr'>y</span> 
     </span>
     <span class='ocr_line' id='line_1_26' title="bbox 272 3407 1353 3492; baseline 0.003 -23"><span class='ocrx_word' id='word_1_156' title='bbox 272 3407 449 3470; x_wconf 82' lang='lat' dir='ltr'>boiorum</span> <span class='ocrx_word' id='word_1_157' title='bbox 476 3407 682 3488; x_wconf 88' lang='lat' dir='ltr'>depromitur,</span> <span class='ocrx_word' id='word_1_158' title='bbox 712 3411 801 3470; x_wconf 90' lang='lat' dir='ltr'>cuius</span> <span class='ocrx_word' id='word_1_159' title='bbox 823 3409 898 3470; x_wconf 86' lang='lat' dir='ltr'>haec</span> <span class='ocrx_word' id='word_1_160' title='bbox 925 3410 1023 3472; x_wconf 88' lang='lat' dir='ltr'>virtus</span> <span class='ocrx_word' id='word_1_161' title='bbox 1046 3419 1109 3492; x_wconf 90' lang='lat' dir='ltr'>est,</span> <span class='ocrx_word' id='word_1_162' title='bbox 1138 3420 1173 3474; x_wconf 91' lang='lat' dir='ltr'>ut</span> <span class='ocrx_word' id='word_1_163' title='bbox 1195 3430 1353 3475; x_wconf 89' lang='lat' dir='ltr'>numerum</span> 
     </span>
     <span class='ocr_line' id='line_1_27' title="bbox 271 3503 1435 3598; baseline 0.01 -26"><span class='ocrx_word' id='word_1_164' title='bbox 271 3511 413 3572; x_wconf 88' lang='lat' dir='ltr'>vocabuli</span> <span class='ocrx_word' id='word_1_165' title='bbox 436 3512 558 3574; x_wconf 89' lang='lat' dir='ltr'>salvum</span> <span class='ocrx_word' id='word_1_166' title='bbox 574 3530 642 3574; x_wconf 88' lang='lat' dir='ltr'>esse</span> <span class='ocrx_word' id='word_1_167' title='bbox 658 3515 806 3594; x_wconf 87' lang='lat' dir='ltr'>patiatur,</span> <span class='ocrx_word' id='word_1_168' title='bbox 834 3514 906 3593; x_wconf 90' lang='lat' dir='ltr'>quia</span> <span class='ocrx_word' id='word_1_169' title='bbox 929 3512 1053 3576; x_wconf 89' lang='lat' dir='ltr'>sublato</span> <span class='ocrx_word' id='word_1_170' title='bbox 1068 3534 1104 3575; x_wconf 90' lang='lat' dir='ltr'>eo</span> <span class='ocrx_word' id='word_1_171' title='bbox 1119 3515 1169 3576; x_wconf 89' lang='lat' dir='ltr'>vel</span> <span class='ocrx_word' id='word_1_172' title='bbox 1189 3516 1353 3598; x_wconf 84' lang='lat' dir='ltr'>interrupto</span> <span class='ocrx_word' id='word_1_173' title='bbox 1434 3503 1435 3584; x_wconf 61' lang='lat' dir='ltr'>l</span> 
     </span>
     <span class='ocr_line' id='line_1_28' title="bbox 271 3597 1435 3680; baseline 0.001 -4"><span class='ocrx_word' id='word_1_174' title='bbox 271 3624 325 3676; x_wconf 92' lang='lat' dir='ltr'>aut</span> <span class='ocrx_word' id='word_1_175' title='bbox 341 3613 428 3676; x_wconf 91' lang='lat' dir='ltr'>aliud</span> <span class='ocrx_word' id='word_1_176' title='bbox 443 3624 497 3677; x_wconf 92' lang='lat' dir='ltr'>aut</span> <span class='ocrx_word' id='word_1_177' title='bbox 512 3616 574 3678; x_wconf 95' lang='lat' dir='ltr'>duo</span> <span class='ocrx_word' id='word_1_178' title='bbox 589 3615 739 3679; x_wconf 86' lang='lat' dir='ltr'>vocabula</span> <span class='ocrx_word' id='word_1_179' title='bbox 756 3613 905 3679; x_wconf 81' lang='lat' dir='ltr'>exstitura</span> <span class='ocrx_word' id='word_1_180' title='bbox 921 3627 1034 3680; x_wconf 88' lang='lat' dir='ltr'>essent.</span> <span class='ocrx_word' id='word_1_181' title='bbox 1434 3597 1435 3616; x_wconf 44' lang='lat'>¹</span> 
     </span>
    </p>
   </div>
   <div class='ocr_carea' id='block_1_12' title="bbox 269 3844 1435 4334">
    <p class='ocr_par' dir='ltr' id='par_1_14' title="bbox 269 3844 1435 4334">
     <span class='ocr_line' id='line_1_29' title="bbox 357 3844 1435 3929; baseline 0.001 -17"><span class='ocrx_word' id='word_1_182' title='bbox 357 3844 480 3929; x_wconf 76' lang='lat' dir='ltr'>§tid</span> <span class='ocrx_word' id='word_1_183' title='bbox 521 3849 561 3910; x_wconf 87' lang='lat' dir='ltr'>Et</span> <span class='ocrx_word' id='word_1_184' title='bbox 583 3867 680 3929; x_wconf 89' lang='lat' dir='ltr'>quum</span> <span class='ocrx_word' id='word_1_185' title='bbox 703 3851 734 3911; x_wconf 91' lang='lat' dir='ltr'>in</span> <span class='ocrx_word' id='word_1_186' title='bbox 758 3852 840 3911; x_wconf 91' lang='lat' dir='ltr'>omni</span> <span class='ocrx_word' id='word_1_187' title='bbox 861 3851 1011 3913; x_wconf 87' lang='lat' dir='ltr'>vocabulo</span> <span class='ocrx_word' id='word_1_188' title='bbox 1034 3861 1088 3913; x_wconf 90' lang='lat' dir='ltr'>aut</span> <span class='ocrx_word' id='word_1_189' title='bbox 1112 3855 1189 3914; x_wconf 93' lang='lat' dir='ltr'>arsis</span> <span class='ocrx_word' id='word_1_190' title='bbox 1212 3863 1244 3916; x_wconf 86' lang='lat' dir='ltr'>et</span> <span class='ocrx_word' id='word_1_191' title='bbox 1266 3855 1353 3917; x_wconf 91' lang='lat' dir='ltr'>thesis</span> <span class='ocrx_word' id='word_1_192' title='bbox 1434 3885 1435 3914; x_wconf 78' lang='lat' dir='ltr'>i</span> 
     </span>
     <span class='ocr_line' id='line_1_30' title="bbox 271 3951 1352 4036; baseline 0.006 -23"><span class='ocrx_word' id='word_1_193' title='bbox 271 3953 448 4030; x_wconf 85' lang='lat' dir='ltr'>alternent,</span> <span class='ocrx_word' id='word_1_194' title='bbox 466 3960 521 4013; x_wconf 90' lang='lat' dir='ltr'>aut</span> <span class='ocrx_word' id='word_1_195' title='bbox 542 3951 622 4015; x_wconf 77' lang='lat' dir='ltr'>dirae</span> <span class='ocrx_word' id='word_1_196' title='bbox 639 3967 723 4016; x_wconf 84' lang='lat' dir='ltr'>arses</span> <span class='ocrx_word' id='word_1_197' title='bbox 739 3951 977 4036; x_wconf 81' lang='lat' dir='ltr'>coniungantur,</span> <span class='ocrx_word' id='word_1_198' title='bbox 1003 3957 1162 4019; x_wconf 87' lang='lat' dir='ltr'>anaerusis</span> <span class='ocrx_word' id='word_1_199' title='bbox 1177 3963 1282 4020; x_wconf 88' lang='lat' dir='ltr'>autem</span> <span class='ocrx_word' id='word_1_200' title='bbox 1298 3977 1352 4020; x_wconf 86' lang='lat' dir='ltr'>non</span> 
     </span>
     <span class='ocr_line' id='line_1_31' title="bbox 270 4055 1435 4146; baseline 0.008 -30"><span class='ocrx_word' id='word_1_201' title='bbox 270 4057 329 4117; x_wconf 89' lang='lat' dir='ltr'>nisi</span> <span class='ocrx_word' id='word_1_202' title='bbox 344 4055 376 4116; x_wconf 89' lang='lat' dir='ltr'>in</span> <span class='ocrx_word' id='word_1_203' title='bbox 391 4057 478 4116; x_wconf 91' lang='lat' dir='ltr'>initio</span> <span class='ocrx_word' id='word_1_204' title='bbox 492 4057 576 4118; x_wconf 88' lang='lat' dir='ltr'>vocis</span> <span class='ocrx_word' id='word_1_205' title='bbox 597 4056 699 4119; x_wconf 85' lang='lat' dir='ltr'>locum</span> <span class='ocrx_word' id='word_1_206' title='bbox 721 4058 851 4122; x_wconf 87' lang='lat' dir='ltr'>habeat:</span> <span class='ocrx_word' id='word_1_207' title='bbox 877 4068 1018 4146; x_wconf 82' lang='lat' dir='ltr'>apertum</span> <span class='ocrx_word' id='word_1_208' title='bbox 1034 4069 1095 4142; x_wconf 85' lang='lat' dir='ltr'>est,</span> <span class='ocrx_word' id='word_1_209' title='bbox 1122 4063 1155 4121; x_wconf 90' lang='lat' dir='ltr'>in</span> <span class='ocrx_word' id='word_1_210' title='bbox 1178 4065 1351 4126; x_wconf 86' lang='lat' dir='ltr'>universum</span> <span class='ocrx_word' id='word_1_211' title='bbox 1434 4067 1435 4138; x_wconf 70' lang='lat' dir='ltr'>j</span> 
     </span>
     <span class='ocr_line' id='line_1_32' title="bbox 271 4147 1435 4247; baseline 0.008 -27"><span class='ocrx_word' id='word_1_212' title='bbox 271 4161 349 4221; x_wconf 84' lang='lat' dir='ltr'>hanc</span> <span class='ocrx_word' id='word_1_213' title='bbox 362 4161 563 4242; x_wconf 87' lang='lat' dir='ltr'>principalem</span> <span class='ocrx_word' id='word_1_214' title='bbox 579 4177 648 4224; x_wconf 86' lang='lat' dir='ltr'>esse</span> <span class='ocrx_word' id='word_1_215' title='bbox 664 4162 816 4242; x_wconf 83' lang='lat' dir='ltr'>regulam,</span> <span class='ocrx_word' id='word_1_216' title='bbox 843 4180 903 4243; x_wconf 89' lang='lat' dir='ltr'>ne,</span> <span class='ocrx_word' id='word_1_217' title='bbox 930 4166 956 4226; x_wconf 89' lang='lat' dir='ltr'>si</span> <span class='ocrx_word' id='word_1_218' title='bbox 971 4164 1037 4226; x_wconf 88' lang='lat' dir='ltr'>lieri</span> <span class='ocrx_word' id='word_1_219' title='bbox 1052 4167 1165 4247; x_wconf 85' lang='lat' dir='ltr'>possit,</span> <span class='ocrx_word' id='word_1_220' title='bbox 1188 4185 1352 4230; x_wconf 88' lang='lat' dir='ltr'>anacru·</span> <span class='ocrx_word' id='word_1_221' title='bbox 1434 4147 1435 4192; x_wconf 59' lang='lat'>³</span> 
     </span>
     <span class='ocr_line' id='line_1_33' title="bbox 269 4264 1351 4334; baseline 0.009 -10"><span class='ocrx_word' id='word_1_222' title='bbox 269 4266 322 4324; x_wconf 89' lang='lat' dir='ltr'>sis</span> <span class='ocrx_word' id='word_1_223' title='bbox 342 4265 378 4326; x_wconf 93' lang='lat' dir='ltr'>in</span> <span class='ocrx_word' id='word_1_224' title='bbox 402 4264 523 4328; x_wconf 89' lang='lat' dir='ltr'>media</span> <span class='ocrx_word' id='word_1_225' title='bbox 547 4287 637 4328; x_wconf 86' lang='lat' dir='ltr'>voce</span> <span class='ocrx_word' id='word_1_226' title='bbox 662 4276 726 4328; x_wconf 88' lang='lat' dir='ltr'>aut</span> <span class='ocrx_word' id='word_1_227' title='bbox 749 4269 785 4327; x_wconf 89' lang='lat' dir='ltr'>in</span> <span class='ocrx_word' id='word_1_228' title='bbox 808 4266 885 4328; x_wconf 83' lang='lat' dir='ltr'>linc</span> <span class='ocrx_word' id='word_1_229' title='bbox 906 4269 989 4330; x_wconf 90' lang='lat' dir='ltr'>eius</span> <span class='ocrx_word' id='word_1_230' title='bbox 1010 4271 1223 4334; x_wconf 89' lang='lat' dir='ltr'>constituatur.</span> <span class='ocrx_word' id='word_1_231' title='bbox 1258 4271 1351 4334; x_wconf 83' lang='lat' dir='ltr'>Potest</span> 
     </span>
    </p>
   </div>
   <div class='ocr_carea' id='block_1_13' title="bbox 0 0 1466 4948">
    <p class='ocr_par' dir='ltr' id='par_1_15' title="bbox 0 0 1466 4948">
     <span class='ocr_line' id='line_1_34' title="bbox 0 0 1466 4948; baseline 0 1"><span class='ocrx_word' id='word_1_232' title='bbox 0 0 1466 4948; x_wconf 95' lang='lat' dir='ltr'> </span> 
     </span>
    </p>
   </div>
  </div>
 </body>
</html>
