2930 4962
487 361 524 403 ns
540 357 672 402 mnsrsvs
689 359 828 402 unnrrcrs.
1163 341 1204 402 65

117 525 194 570 ones
209 512 293 572 enim
308 513 398 592 primi
414 522 444 574 ει
458 515 560 594 quarti
575 514 639 574 sola
655 513 795 574 anaorusi
812 509 972 590 differunt,
992 511 1098 572 eodem
1115 511 1206 574 modo

115 623 152 674 ut
166 613 304 676 trochaei
318 625 350 676 et
363 615 473 696 iambi,
492 615 606 696 dactyli
621 626 652 677 et
667 617 841 696 anapaesti:

175 716 184 797 ,ἲ
234 715 338 764 'Lu-u
459 717 605 766 Lemo
725 717 821 764 ,ζων
826 731 923 778 ..υυᾳ

205 853 231 884 υ
240 836 312 884 .ὐ.
398 853 449 885 w
458 837 554 886 Lw.
639 853 716 885 υυυ
725 835 846 884 έυω..

113 941 221 1022 Atque
237 961 277 1002 ex
291 941 413 1003 numeri
428 942 505 1022 lege,
525 945 596 1022 quia
613 943 723 1004 thetica
739 951 876 1022 tempora
892 943 977 1023 paria
993 959 1061 1004 esse
1078 943 1203 1025 debent,

116 1046 201 1110 arsis
217 1043 344 1126 quidem
356 1047 502 1126 paeonica
518 1047 711 1125 solutionem,
726 1044 782 1107 sed
795 1045 891 1107 thesis
907 1063 968 1107 non
983 1043 1115 1109 admittit
1128 1066 1208 1108 con·
1275 1109 1277 1116 ,
1298 1125 1302 1134 ,

115 1151 311 1210 tractionem.
345 1149 421 1210 Nam
444 1151 505 1212 arsi
528 1150 626 1212 soluta
650 1169 689 1210 ex
712 1151 850 1230 quinque
871 1148 1000 1228 paribus
1015 1151 1207 1231 temporibus

116 1262 240 1315 constat
255 1251 305 1313 bic
320 1271 392 1332 pes,
418 1255 449 1314 in
467 1254 544 1314 thesi
560 1263 663 1315 autem
680 1253 884 1314 contractione
899 1251 997 1332 iacta,
1021 1255 1088 1315 sive
1103 1273 1137 1315 ea
1155 1254 1207 1316 liat

117 1355 294 1418 indutibus
316 1356 488 1436 prioribus,
515 1359 580 1419 sive
600 1358 632 1417 in
647 1354 869 1438 posterioribus
885 1354 1031 1437 syllabis,
1052 1376 1130 1418 nova
1147 1360 1207 1418 arsi

119 1461 203 1522 illata
219 1457 404 1542 perderetur
418 1478 569 1522 numerus
585 1462 768 1540 paeonious:

206 1563 309 1611 va
516 1561 616 1610 έυυυ

205 1666 308 1716 :Lo
368 1689 371 1695 ·
515 1665 603 1714 .ὐέ

209 1857 235 1938 θ
252 1853 328 1922 19ἵ.
355 1859 477 1937 Exque
493 1857 702 1934 consequitur,
718 1873 882 1918 numerum
891 1857 1044 1919 Creticum
1060 1857 1100 1919 ad
1115 1875 1212 1938 genus

126 1961 311 2040 troobpieum
327 1961 496 2040 pertinere,
523 1977 624 2037 nequo
639 1957 724 2018 aliud
740 1976 825 2038 esse,
851 1977 945 2038 quam
966 1958 1123 2040 dipodiam
1143 1971 1212 2024 tro-

129 2063 259 2124 chaicam
275 2063 503 2143 catalecticum,
523 2080 603 2142 quae
617 2080 657 2122 ex
673 2061 751 2140 arsi,
771 2063 861 2141 thesi,
881 2065 1037 2124 etiterum
1054 2065 1116 2126 arsi
1132 2085 1211 2126 con-

127 2175 196 2228 stat.
227 2167 266 2228 Et
280 2167 428 2246 quoniam
449 2166 498 2227 bie
512 2165 589 2228 ordo
604 2163 780 2247 periodicus
799 2176 856 2246 est,
875 2175 1017 2245 apertum
1033 2178 1089 2248 est,
1109 2169 1211 2230 thesin

19 2347 23 2355 ¹
123 2289 184 2332 non
199 2289 291 2350 posse
302 2271 467 2350 ancipitem
479 2287 557 2348 esse,
578 2265 634 2329 scd
646 2286 769 2348 semper
783 2277 814 2330 et
824 2271 996 2330 necessario
1008 2289 1046 2330 ex
1062 2289 1125 2331 una
1136 2281 1212 2332 tan-

121 2384 188 2436 tum
204 2373 294 2435 brevi
309 2372 430 2454 syllaba
444 2381 601 2434 constare:
620 2373 702 2432 arsin
718 2381 821 2432 autem
838 2381 1001 2451 utmmque
1017 2372 1094 2433 solvi
1106 2391 1207 2452 posse,

19 2452 22 2546 s
119 2495 182 2557 quo
197 2477 243 2555 fit,
263 2486 299 2538 ut
314 2485 345 2538 et
359 2477 490 2557 primus,
513 2485 545 2536 et
557 2485 688 2554 quartus
703 2491 812 2554 paeon,
832 2483 863 2534 et
878 2492 951 2535 vero
966 2475 1057 2535 etiarn
1073 2475 1211 2556 quinque

19 2661 20 2667 ἵ
118 2579 236 2642 breves
250 2598 308 2659 pro
324 2580 442 2643 Cretico
456 2579 529 2658 poni
544 2578 681 2658 possint:

218 2683 244 2730 .’.
258 2698 285 2730 υ
300 2717 321 2728 -
581 2705 584 2714 ·

207 2803 260 2834 W
281 2801 333 2832 W

121 2891 269 2954 Pluribus
290 2899 393 2952 autem
417 2887 552 2968 pedibus
567 2889 694 2950 Creticis
712 2905 772 2949 uno
787 2905 881 2950 versu
904 2889 1074 2949 coniunctis
1090 2889 1212 2952 nullum

121 3015 194 3058 crim
210 2993 271 3057 alio
287 2993 451 3054 cohaerere
474 2991 581 3054 ordine
597 2991 700 3071 aliquo
715 2991 885 3070 periodioo,
909 2990 1010 3052 ultimi
1031 3001 1135 3054 autem
1151 3013 1213 3074 pe-

122 3097 171 3160 dis
186 3098 349 3175 nltimam,
372 3105 408 3157 ut
422 3114 544 3156 omnem
561 3093 712 3174 syllabam
728 3095 868 3173 finalem,
893 3095 1059 3174 ancipitem
1075 3115 1161 3176 esse,
1182 3107 1214 3158 et

123 3202 202 3264 solvi
223 3219 287 3262 non
310 3219 416 3280 posse,
441 3199 500 3260 nisi
523 3199 555 3259 in
575 3199 768 3278 systematis:
795 3199 826 3257 in
850 3198 966 3277 quibus
989 3199 1133 3277 quoniam
1149 3217 1211 3284 una
1245 3259 1247 3266 ,

122 3305 332 3386 perpetuitate
347 3301 444 3364 iuncti
459 3309 532 3362 sunt
546 3302 682 3380 numeri,
707 3300 836 3362 ultimus
850 3318 998 3361 versuum
1014 3317 1086 3379 pes,
1112 3303 1170 3362 nisi
1187 3303 1212 3363 si

123 3409 218 3470 simul
235 3409 330 3470 totius
345 3405 521 3486 systematis
537 3403 665 3466 ultimus
680 3411 744 3482 est,
770 3399 879 3464 eadem
895 3404 977 3482 lege,
1003 3419 1064 3481 qua
1080 3405 1213 3484 quisque

123 3510 265 3591 medius,
285 3519 418 3572 tenetur.

211 3718 237 3800 ᾗ
253 3713 330 3782 198.
356 3717 529 3778 Solutiones
537 3715 690 3778 Creticum
702 3712 782 3774 adeo
791 3713 922 3774 similem
934 3711 1071 3776 reddunt
1081 3717 1212 3795 paeoni-

128 3821 205 3902 bus,
231 3832 268 3884 ut
289 3820 437 3899 distingui
459 3818 501 3880 ab
515 3821 554 3882 iis
568 3837 629 3880 non
645 3819 704 3879 nisi
719 3836 756 3878 eo
769 3817 883 3896 possit,
903 3815 987 3897 quod
1003 3835 1152 3898 paeones,
1179 3828 1214 3880 ut

128 3923 234 4007 §tet
260 3924 507 3987 demonstratum
528 3931 590 4001 est,
609 3921 762 3986 Creticum
785 3920 881 4001 plane·
898 3918 1135 4000 adspernantur.
1169 3920 1214 3982 Αε

129 4047 278 4090 ninnerus
294 4045 369 4090 sane
384 4027 546 4106 utriusque
561 4025 682 4105 generis
697 4023 926 4086 diversissimus
941 4033 997 4086 est.
1023 4025 1098 4086 Nam
1114 4042 1214 4104 paeo-

131 4149 186 4194 nes
208 4150 303 4194 unam
325 4130 410 4192 arsin
431 4147 502 4190 oum
524 4127 604 4190 tbcsi
633 4129 726 4190 trium
749 4127 891 4190 brevium
919 4126 1109 4206 syllabarum
1135 4145 1214 4187 con·
1327 4119 1333 4130 '

133 4235 264 4298 iunctam
280 4233 408 4311 hebent,
423 4232 533 4295 Cretici
548 4239 651 4292 autem
666 4249 751 4291 arses
760 4229 849 4309 duas,
867 4232 948 4293 inter
959 4249 1036 4311 quas
1052 4227 1152 4291 media
1168 4239 1216 4290 est

182 4351 302 4394 Hernsnni
312 4351 414 4401 Epitome
424 4349 493 4390 doctr.
505 4347 616 4390 metricus.
994 4355 1008 4402 5
