2930 4962
183 274 190 289 ’
239 299 280 362 64
636 321 691 364 ιιι.
712 321 744 366 u.
779 322 841 366 mr.
861 322 919 366 ιιι.

324 469 348 551 §
365 467 440 536 193.
465 471 530 532 Non
542 437 715 553 perpetuati
729 476 850 542 numeri
866 475 1042 557 exemplum
1059 479 1153 561 estin
1160 475 1257 540 Andr.
1271 479 1325 542 lll.

240 575 271 654 2,
292 576 342 638 37.

326 695 398 778 quid
412 696 482 758 ozi?
496 713 587 778 wool
603 697 801 762 intellexeras

325 798 527 862 oecononum
542 803 660 883 cepere,
680 819 737 864 cor
750 821 809 866 non
825 803 908 867 dien
920 805 1069 886 eoeteoiplo
1085 806 1265 887 Paniplilol

241 918 303 982 Sed
319 918 516 983 scribendum
532 920 658 984 videtur
671 921 704 984 id
718 924 767 986 eos
781 924 940 986 consitioni
957 927 1077 1006 cripere.

326 1158 441 1243 5194.
468 1162 634 1224 Rarissima
655 1171 729 1226 sunt
750 1163 890 1244 exempla
913 1162 1070 1225 clausulae
1091 1166 1124 1226 in
1147 1149 1334 1228 trochaeum

243 1267 392 1328 exeuntis.
426 1266 547 1327 Terent.
568 1265 638 1328 Hec.
657 1267 691 1329 V.
714 1268 742 1348 l,
755 1268 784 1328 5.

329 1385 503 1468 appre'dior,
523 1386 670 1460 Bacchis,
689 1387 782 1450 solve.

329 1493 361 1550 B.
380 1489 475 1563 solve,
496 1488 593 1550 tecle
610 1492 641 1552 L.
661 1489 766 1570 edepol
779 1489 868 1551 cre'ilo
884 1499 911 1552 te
925 1491 1028 1554 nonnil
1041 1493 1162 1570 mirari,
1185 1493 1331 1554 Bisaltia.

632 1731 938 1742 -C--n--n——uuuu--n

664 1927 777 1999 OAP.
790 1927 905 2000 xtx.

528 2077 586 2150 De
612 2079 815 2174 versibus
842 2080 1042 2152 Creticis

331 2245 446 2331 9195.
473 2248 673 2313 Creticum
692 2267 896 2312 numerum
920 2251 1028 2311 musici
1043 2258 1074 2312 et
1089 2251 1215 2333 metrici,
1235 2272 1337 2314 men-

248 2375 338 2418 surae
353 2351 565 2416 tantummodo
578 2354 725 2414 rationem
741 2353 900 2433 habentes,
920 2352 960 2415 ad
971 2354 1153 2435 paeonicum
1165 2373 1263 2434 genus
1274 2375 1336 2418 re-

248 2457 359 2520 ferunt.
386 2459 462 2520 Nem
473 2475 536 2518 una
548 2456 635 2536 longa
646 2455 764 2538 syllaba
776 2456 876 2518 tribus
888 2455 1038 2519 brevibus
1054 2457 1169 2538 iuncta,
1185 2467 1338 2539 quattuor

248 2580 380 2643 paeones
391 2568 546 2642 procreat;
566 2557 690 2622 duabus
705 2567 809 2622 autem
821 2561 931 2623 harum
946 2559 1087 2624 brevium
1102 2561 1135 2624 in
1147 2579 1241 2624 unam
1258 2563 1336 2624 lon—

248 2685 317 2746 gam
329 2665 499 2744 contractis,
512 2664 660 2744 Creticus,
673 2661 830 2744 Bacchius,
845 2673 877 2726 et
888 2663 1131 2744 palimbacchius
1143 2660 1331 2728 nascuntur.

251 2770 299 2830 Ex
314 2769 361 2830 his
376 2764 510 2849 pedihus
522 2765 672 2847 repudiati
688 2776 762 2829 suut
775 2785 909 2849 paeones
924 2767 1081 2828 secundus
1093 2775 1124 2829 et
1134 2769 1244 2829 tertius
1260 2787 1335 2830 cnm

246 2871 485 2954 palimbacchio;
511 2867 618 2931 adsciti
634 2877 736 2931 autem
753 2869 878 2950 reliqui,
902 2887 1037 2948 paeones
1051 2871 1171 2952 primus
1186 2881 1217 2932 et
1232 2890 1337 2951 quar-

251 2986 319 3056 tus,
338 2974 491 3053 Creticus,
511 2972 675 3041 Bacchius:

337 3091 433 3124 ww
514 3089 618 3122 ΜΛΝ.-
705 3090 774 3122 ..υ-
860 3088 930 3120 υ...-

252 3185 327 3246 Nam
344 3181 400 3244 etsi
416 3179 580 3262 Dionysius
597 3179 662 3241 Hal.
681 3177 720 3240 de
736 3197 835 3260 comp.
854 3178 946 3241 Verb.
965 3199 991 3241 c.
1013 3182 1062 3244 tt.
1082 3179 1337 3260 palimbacchiaci

251 3288 309 3349 hoc
322 3286 498 3368 exemplum
512 3279 625 3366 posuit,
648 3374 650 3378 ι

337 3402 403 3486 coi,
422 3404 530 3486 Φοῖβε
544 3396 689 3469 Μοῦσαί
702 3403 749 3482 aa,
766 3403 952 3485 συμβιῖμεν,

253 3539 355 3590 tamen
372 3529 423 3588 vix
445 3527 519 3590 alibi
540 3527 715 3588 invenietur
735 3525 784 3586 hic
799 3543 947 3588 numerus
963 3543 1055 3605 quam
1074 3526 1105 3584 io
1122 3523 1195 3584 Pace
1211 3522 1335 3586 anso-

252 3632 363 3714 phenis
379 3650 408 3693 v.
431 3632 502 3692 463.
521 3631 552 3692 in
568 3631 634 3692 his:

339 3737 366 3814 ai
382 3739 447 3827 εἶα,
465 3736 492 3811 ὦ
508 3737 578 3813 eia:

254 3873 369 3954 quihus
384 3869 551 3952 respondet
564 3889 594 3933 v.
615 3870 687 3933 int.
705 3861 824 3956 μικρόν
838 3885 875 3954 pc
887 3869 1049 3951 concipias.

258 4143 260 4148 -
341 4093 458 4180 §ten
483 4096 651 4160 Numerum
675 4096 701 4159 si
724 4104 913 4177 spectamus,
937 4093 1000 4156 duo
1020 4094 1063 4156 illi
1085 4113 1218 4176 paeones
1241 4095 1331 4158 unios

257 4203 377 4286 generis
391 4211 479 4280 sunt3
499 4199 614 4262 diversi
628 4209 731 4262 autem
747 4199 788 4262 ab
803 4199 851 4261 his
867 4198 1005 4260 Creticus
1019 4207 1050 4261 et
1065 4199 1221 4263 Bacchius.
1256 4200 1332 4260 Pae-
