2896 4960
469 362 505 404 ns
521 359 655 404 veasmrs
670 357 858 400 nocuumors.
1175 336 1214 398 87

121 521 213 581 miaci
235 520 268 579 in
292 537 390 580 unum
414 535 538 578 versum
562 514 805 593 coniunguntur,
835 510 889 590 qui
914 526 1061 570 mensura
1088 525 1215 587 prorsus

118 641 178 706 par
194 629 244 684 est
259 629 436 683 tetrametro
451 618 626 697 Bacchiaco,
646 614 703 678 sed
717 633 846 678 numero
861 611 1110 676 diversissimus:

211 733 649 826 uLlL'uL-uv.''.'.{uL-

116 862 235 926 Aeson.
255 862 346 924 Eum.
367 861 439 922 79i.
460 861 533 922 821.

210 975 373 1063 ατονδζως
394 973 429 1044 τί
450 975 554 1066 ῥέξας
576 972 721 1064 γένωμαι
728 999 740 1055 ‚·
762 969 931 1052 δῦςοιστα.

117 1103 184 1167 Sed
201 1121 296 1182 saepe
311 1103 403 1164 etiam
418 1101 586 1163 solutiones
601 1099 711 1162 habet:
731 1099 837 1177 Eurip.
858 1093 967 1158 Troad.
989 1100 1060 1160 320.
1083 1101 1154 1190 336.

209 1213 387 1308 ἀναφλέγω
411 1212 517 1304 πυρὸς
539 1219 613 1306 φῶς
635 1211 669 1294 δς
690 1209 804 1302 αὐγάν,
832 1210 866 1291 ές
887 1205 1014 1300 αδμλαν.

206 1317 391 1410 μακαρίαις
413 1313 550 1397 ἆοιδαῖς
572 1314 707 1402 ὶακχαῖς
726 1342 763 1386 το
784 1321 927 1406 νύμφαν.

205 1533 231 1616 ἕ
246 1531 323 1598 258.
357 1535 391 1594 ln
407 1510 469 1594 fine
484 1540 588 1594 autem
603 1540 658 1594 aut
672 1532 720 1594 his
735 1531 1003 1613 hypercatalectis‚
1028 1539 1084 1593 aut
1096 1531 1212 1611 vulga-

121 1639 208 1700 ribus
232 1637 384 1699 dochmiis
405 1653 503 1699 unum
526 1633 615 1698 adiici
637 1635 799 1697 Bacchium
823 1635 896 1696 nihil
921 1635 1071 1715 prohibet.
1109 1635 1152 1696 Ita
1179 1637 1210 1696 in

119 1743 222 1804 Rheso
236 1761 268 1802 v.
290 1743 362 1801 706.
387 1739 456 1823 (nisi
470 1739 501 1800 hi
517 1757 589 1800 vere
605 1738 760 1800 Bacchiaci
776 1736 858 1819 sunt)
874 1759 879 1797 :

206 1857 320 1934 δοκεῖς
341 1853 420 1944 poio,-
441 1851 477 1922 τί
496 1852 560 1944 μὴν
581 1845 640 1936 οδς
662 1850 791 1941 θρασδς
812 1857 891 1942 γοῦν
913 1851 947 1932 ές
968 1850 1065 1943 ἡμᾶς.

206 1954 267 2026 τίν’
291 1954 412 2050 δλκήνς
433 1953 493 2024 τίν’
518 1953 641 2039 αἷντῖςς
661 1951 811 2048 Ὀδοσοῆ.

127 2089 202 2148 Nam
215 2088 238 2147 is
251 2085 400 2148 Bacchius
417 2104 477 2146 non
493 2089 645 2165 repugnat
664 2099 794 2144 numero
814 2081 1005 2163 dochmiaco,
1033 2085 1104 2164 quia
1121 2095 1210 2146 cata-

124 2189 199 2252 lexis
220 2188 397 2252 dochmiaca
419 2197 477 2262 cst.
510 2189 643 2249 Omnino
663 2188 745 2249 enim
761 2185 945 2249 dochmiacis
964 2188 983 2247 ii
1007 2187 1071 2248 iere
1088 2191 1207 2250 numeri

119 2295 351 2373 consociantur,
386 2293 440 2374 qui
469 2299 573 2372 partes
603 2309 672 2354 esse
701 2289 895 2353 dochmiacae
926 2289 1087 2354 videntur:
1125 2291 1209 2372 qnod

117 2396 227 2460 eodem
243 2396 336 2459 modo
351 2396 387 2457 fit
400 2397 432 2458 in
448 2395 619 2475 Glyconeis.

202 2603 227 2684 5
241 2600 320 2669 259.
352 2605 428 2666 liinc
443 2601 588 2684 explicari
602 2611 705 2685 potest
719 2605 829 2666 Cretici
845 2605 931 2683 ratio,
951 2605 1004 2684 qui
1021 2621 1112 2682 saepe
1128 2622 1208 2663 con-

115 2711 255 2791 iungitur
277 2708 421 2772 versibus
447 2708 650 2787 dochmiaci5‚
684 2727 768 2768 nunc
795 2716 832 2769 ut
861 2705 1042 2787 praecedat,
1068 2725 1152 2768 nunc
1174 2716 1209 2768 ut

116 2823 277 2894 sequatur.
308 2813 414 2893 Eurip.
436 2814 521 2874 Herc.
542 2811 562 2872 f.
584 2811 656 2872 89t.
683 2807 791 2872 Aesch.
813 2812 843 2872 S.
864 2810 903 2871 ad
920 2810 975 2871 Th.
997 2812 1047 2872 95.

202 2925 301 2996 δάϊον
322 2927 425 3013 μέλος
448 2925 656 2996 ἐπαυλεῖται.

202 3029 331 3122 πότερα
353 3027 421 3121 δῆτ’
445 3029 506 3119 ἐγώ
531 3027 708 3098 ποτιπέσω
729 3028 830 3120 βρέτη
851 3028 1029 3114 δαιμόνων.

113 3159 153 3220 Et
168 3160 308 3221 Creticus
327 3156 454 3238 quidem
470 3175 620 3219 numerus
635 3157 780 3236 quoniam
796 3157 971 3220 simillimus
991 3167 1040 3218 est
1061 3158 1114 3220 fini
1131 3177 1207 3218 ver-

113 3279 170 3324 sus
186 3260 370 3338 dochmiaci,
392 3279 497 3340 perse
512 3279 575 3322 non
590 3269 743 3341 repugnat
758 3279 887 3323 numero
903 3260 1088 3322 dochmiaco.
1120 3261 1206 3324 Vnde

111 3385 219 3446 saepe,
239 3367 294 3445 qui
311 3382 382 3426 vere
399 3365 536 3426 Creticus
552 3381 702 3426 numerus
718 3372 775 3443 est,
801 3364 985 3427 dochmiacis
1001 3367 1202 3444 consociatur,

110 3469 292 3549 pariterque
322 3487 421 3548 paeon
451 3469 587 3548 primus,
622 3469 675 3547 qui
706 3468 817 3531 solutio
847 3477 895 3529 est
924 3467 1042 3530 Cretici.
1092 3466 1202 3531 Aesch.

110 3571 224 3652 Suppl.
245 3573 317 3632 455.

201 3683 280 3775 μήτι
303 3683 380 3775 τλῄς
401 3684 462 3752 τὰν
484 3683 586 3754 ἱκέτιν
608 3684 766 3765 εὶςιδεῖν.

203 3783 272 3855 ἀπὸ
294 3787 436 3876 βρετέων
458 3790 519 3880 βία
541 3787 639 3869 δίκας
658 3784 833 3878 ἀγομέναν.

112 3919 193 3978 Nam
215 3917 297 3996 prior
312 3933 422 3977 versus
443 3916 581 3976 trimeter
595 3915 735 3978 Creticus
750 3927 807 3979 est.
841 3916 954 4000 Aperte
970 3937 1069 3998 paeon
1085 3919 1204 3999 primus

112 4016 307 4099 praemissus
322 4027 371 4080 cst
384 4017 524 4080 dochmio
539 4020 571 4080 in
585 4020 616 4080 S.
637 4021 678 4083 ad
694 4021 749 4082 Th.
772 4022 843 4085 ici.
867 4024 936 4084 tri.

204 4137 266 4200 ποῖ
288 4127 318 4199 δ
343 4130 393 4200 ἔτι
415 4130 510 4210 τέλος
532 4131 650 4223 ἐπάγει
673 4133 777 4219 θεόςς

205 4231 399 4304 ἑπτάπυλον
420 4235 496 4316 ἕδος
519 4235 687 4330 ἐπιρρύου.
