2896 4960
267 350 309 412 96
659 369 715 412 tro.
736 369 768 412 u.
803 369 865 435 cry.
885 369 960 410 xxiv.

267 524 380 582 tionem
397 520 527 600 babent,
547 522 602 584 sed
619 524 650 582 in
666 521 872 603 quibusdam,
891 523 972 585 utin
987 522 1107 583 heroico
1123 538 1215 582 versu
1230 528 1261 580 et
1274 538 1345 580 ana-

267 627 383 705 paestis
399 624 519 704 cycliis‚
547 625 634 705 longa
652 627 790 708 syllaba,
816 647 895 708 quac
911 628 943 687 in
958 626 1019 686 arsi
1035 635 1099 702 est,
1120 613 1259 706 ἄλογος,
1284 625 1301 683 i.
1319 643 1342 682 e.

266 727 450 789 irrationalis
462 727 602 807 habetur,
623 739 659 789 ut
673 748 753 809 quae
769 730 874 811 paullo
887 729 1010 790 brevior
1020 727 1135 808 duplici
1151 737 1287 808 tempore
1301 726 1344 786 sit.

267 833 406 910 Eamque
418 830 458 892 ob
474 849 614 892 caussam
631 833 662 893 in
674 833 721 892 bis
736 832 902 912 generibus
918 834 994 894 arsis
1011 851 1071 893 non
1088 831 1218 892 solvitur
1234 833 1266 891 in
1277 829 1346 890 duas

268 933 391 1012 breves
411 953 508 1013 quum
525 946 628 998 contra
645 937 675 996 in
691 937 800 997 ceteris
816 955 909 1016 saepe
924 936 1071 997 solvatur.

659 1161 967 1170 ———-—--——-

675 1323 787 1391 cAP.
804 1323 952 1392 XXIV.

429 1472 497 1543 De
533 1474 811 1545 versibus
847 1471 1191 1566 dactylicis,

353 1639 462 1725 5286.
482 1645 532 1704 Da
543 1643 681 1724 ctylici
697 1661 807 1705 versus
815 1664 853 1706 ex
861 1643 1021 1706 ordinibus
1028 1642 1190 1724 periodicis
1202 1650 1347 1704 coustant.

268 1751 307 1810 Et
323 1747 373 1808 alii
397 1746 523 1826 quidem
546 1765 653 1806 eorum
668 1766 725 1827 per
739 1747 894 1828 dipodiam
912 1748 1076 1824 incedunt,
1101 1747 1150 1806 alii
1167 1747 1350 1826 longioribus

267 1849 428 1912 ordinibus
450 1851 619 1912 variantur.
654 1851 719 1910 Non
744 1861 847 1912 autem
871 1850 994 1931 dipodia
1017 1852 1048 1910 in
1072 1849 1231 1927 dactylicis
1257 1850 1351 1910 versi-

266 1955 345 2034 bus,
364 1952 419 2014 sed
435 1972 518 2015 unus
534 1955 665 2032 quisque
681 1973 736 2035 pes
754 1965 886 2016 metrum
904 1964 1045 2032 vocatur,
1065 1953 1282 2032 antiquissima
1299 1971 1351 2031 ap-

264 2057 428 2138 pellatione
447 2065 579 2117 servata.
613 2056 700 2118 Vnde
722 2067 797 2136 quot
812 2057 923 2137 pedes,
952 2067 995 2118 tot
1012 2067 1106 2118 metra
1130 2066 1346 2118 numerantur:

265 2163 306 2223 ita
334 2170 368 2221 ut
394 2170 570 2221 tetrameter
596 2159 764 2239 dactylicus
795 2143 938 2222 mensura
966 2179 1023 2239 par
1048 2161 1087 2220 sit
1114 2158 1247 2222 dimetro
1278 2179 1349 2221 ana-

191 2322 194 2332 ,
265 2265 410 2346 paestico.

351 2470 375 2551 ξ
390 2466 468 2536 287.
493 2472 633 2532 Mensura
646 2470 760 2550 dactyli
772 2490 870 2550 quum
881 2491 921 2531 ex
933 2471 1053 2532 numeri
1070 2469 1189 2552 legibus
1202 2471 1280 2533 haec
1295 2471 1344 2532 sit:

352 2675 446 2725 Luca·

338 2795 389 2827 W

267 2896 370 2947 tamen
397 2885 426 2945 in
458 2884 613 2966 plerisque
639 2885 782 2947 versibus
812 2885 969 2966 dactylicis
1000 2895 1119 2948 tantum
1151 2883 1296 2966 dactylus
1322 2891 1346 2944 ct

268 2988 424 3069 spondeus
444 2997 651 3067 usurpantur:
676 2989 708 3048 in
731 2991 893 3068 perpaucis
916 3000 947 3050 et
970 3009 1037 3050 raro
1063 2989 1343 3069 proceleusmaticus

266 3092 315 3152 vel
336 3100 537 3170 anapaestus:
564 3091 618 3169 qui
644 3090 741 3170 pedes
764 3093 794 3152 in
818 3092 866 3152 bis
890 3101 1008 3153 tantum
1031 3093 1189 3172 dactylicis
1210 3093 1346 3154 videntur

267 3195 385 3256 admitti
398 3212 499 3274 posse,
515 3213 646 3274 quorum
663 3197 739 3256 orsis
756 3214 815 3256 non
829 3195 923 3256 babet
935 3213 1111 3258 mensuram
1127 3197 1344 3258 irrationalem:

266 3320 297 3362 v.
323 3297 431 3382 §985
469 3299 571 3371 Quare
601 3298 641 3359 ob
670 3298 791 3360 heroico
812 3317 906 3360 versu
933 3309 964 3361 et
991 3309 1182 3380 pentametro
1210 3302 1344 3384 elegiaco,

267 3403 396 3481 aliisque
423 3401 606 3482 generibus,
637 3401 819 3482 logaoediois
844 3404 995 3482 maxime,
1022 3405 1145 3466 excluso
1169 3413 1217 3466 est
1245 3403 1347 3468 solutio

267 3523 380 3566 arseos.
414 3506 608 3585 Omninoque
624 3505 699 3567 baec
714 3506 842 3586 solutio,
868 3506 968 3568 sicubi
983 3508 1154 3587 invenitur,
1179 3505 1276 3572 dubia
1290 3507 1352 3568 lere·

266 3619 328 3687 est,
355 3609 413 3669 nisi
429 3610 460 3669 in
476 3610 599 3670 nomine
614 3610 754 3690 proprio,
779 3619 814 3672 ut
836 3608 922 3691 apud
937 3609 1100 3672 Pindarum
1118 3611 1224 3672 lsthm.
1244 3612 1290 3674 IV.
1310 3610 1345 3668 75

273 3711 430 3795 ffllddy

354 3827 443 3918 ἔρνεϊ
464 3826 661 3896 Τελεσιάδα.

353 4035 469 4122 5288.
497 4039 650 4104 Catalexis
666 4041 885 4122 dactylicorum
901 4041 1019 4126 duplex
1034 4053 1095 4126 est,
1116 4045 1147 4106 in
1164 4039 1344 4122 monosylla-

266 4148 362 4224 bum,
382 4157 413 4208 et
428 4147 459 4206 in
477 4143 683 4224 disyllabum:
702 4155 738 4208 ut

351 4247 521 4296 „tcum-
730 4244 929 4296 Lemma&
