2922 4948
302 384 339 424 ns
355 363 544 424 srnormrrir
562 383 593 424 m
609 383 724 425 ninom
738 381 786 424 ,ενι
803 381 1037 425 nrsrmrrrrorr.
1151 358 1213 420 233

124 541 164 600 Et
178 541 211 598 in
228 538 419 616 antistropha
435 557 465 597 v.
487 537 558 597 690.

213 643 346 734 ὦ”νσιξ,
372 644 472 719 εἶπον
492 651 552 736 μὲν
575 648 752 736 nix-rina}
770 650 883 738 μόνον,

210 752 289 824 ἴσθι
311 754 349 824 δι’
370 749 800 846 παραφρόνιμσν,-όνισραν
816 755 875 824 ἐπὶ
897 755 1046 848 φρόνιμα

212 857 393 953 πεφάνθαι
413 855 449 944 μ’
471 852 523 942 όν,
551 855 614 927 s’t'-
631 883 667 927 σε
691 857 903 952 νσσφίζσμαι.

122 993 239 1052 Horum
256 987 391 1070 primurn
408 985 582 1048 membrum
600 986 764 1048 iambicum
783 987 1068 1066 ischiorrhogioum,
1094 1007 1214 1049 socun-

124 1094 202 1156 dum
231 1099 453 1152 monometrum
481 1089 668 1169 iambicum,
701 1090 816 1169 reliqua
845 1089 1020 1151 doohnriara
1047 1099 1129 1151 sunt.
1175 1087 1214 1153 At

123 1218 221 1280 quum
253 1197 372 1276 primus
399 1213 508 1256 versus
531 1203 562 1254 et
587 1195 618 1254 in
642 1194 767 1274 stropha
797 1195 884 1256 etin
910 1195 1099 1274 antistropha
1127 1193 1213 1256 brevi

123 1301 246 1383 syllaba
273 1299 471 1377 terminetur,
506 1299 566 1359 iarn
593 1297 650 1359 hoo
677 1297 788 1360 indicio
818 1297 916 1378 colligi
942 1307 1060 1378 potest,
1090 1316 1151 1359 non
1178 1320 1213 1361 ra

123 1411 154 1468 in
182 1403 301 1484 syllaba
326 1400 495 1465 finiendum
525 1421 593 1462 esse
622 1421 803 1483 numerum,
836 1401 893 1465 sed
923 1403 1052 1466 ulterius
1087 1402 1214 1485 produci

124 1507 250 1572 debore.
285 1505 403 1568 Deinde
426 1513 461 1567 ut
483 1507 738 1588 antistrophioum
761 1525 883 1577 versum
907 1508 1111 1590 interpunctio
1132 1528 1168 1569 oo
1183 1509 1214 1568 in

122 1615 190 1676 loco
206 1611 286 1672 finiri
303 1609 456 1691 patiatur,
482 1620 515 1671 at
529 1611 560 1671 in
576 1611 736 1693 strophiois
751 1611 847 1674 verba
861 1632 956 1674 unam
971 1613 1126 1674 notionem
1142 1612 1216 1673 osii-

123 1717 251 1794 oientia,
283 1706 367 1778 θεὸν
394 1698 527 1796 πρόμον
547 1707 680 1793 Ἅλιον,
705 1715 784 1778 male
806 1715 1035 1779 divellerentur.
1077 1717 1123 1779 Ex
1153 1737 1214 1798 quo

123 1829 267 1903 apparet,
293 1837 402 1882 versus
425 1837 532 1881 omnes
558 1839 620 1881 uno
642 1830 809 1900 systemate
832 1821 1011 1900 cohaerere,
1045 1829 1076 1883 et
1098 1821 1215 1883 iambi-

122 1946 195 1988 oum
212 1923 482 2004 isohiorrhogioum
498 1925 640 2005 excipere
652 1923 844 1987 doohmiaoos
860 1944 923 1987 uno
938 1925 1075 1988 admixto
1083 1927 1210 1988 Cretico.

124 2033 186 2093 lom
209 2026 385 2111 quaeritur,
412 2026 466 2091 ubi
482 2019 620 2090 Creticus
644 2029 693 2091 illo
718 2029 953 2093 constituendus
974 2031 1030 2092 sit:
1057 2039 1161 2092 utrum
1183 2032 1215 2090 in

124 2135 210 2197 initio
225 2131 354 2196 secundi
370 2151 497 2193 versus:
796 2208 799 2213 Ι

212 2245 251 2317 οὐ
277 2247 333 2316 τόν
354 2245 487 2316 πόντων
508 2248 713 2317 θεῶν-θεόν
732 2247 864 2336 πρόμον
879 2247 1009 2317 Ἅλιον·

212 2352 288 2423 ἐπεὶ
311 2345 429 2432 tiosos,
447 2393 459 2404 ·
476 2344 612 2441 όφιλσς,
637 2349 659 2418 ό
679 2379 711 2420 τι
735 2351 905 2439 πύματον·

123 2494 155 2546 et
170 2485 202 2544 in
218 2482 426 2563 antistropha:

212 2589 342 2679 ὦ”ναξ,
366 2588 464 2664 εἶπον
483 2593 544 2679 μὲν
567 2589 741 2680 οὐχ-ἅπαξ
760 2595 873 2680 μόνον,
897 2594 973 2666 ἴσθι
994 2599 1031 2666 δὲ

212 2696 480 2790 νιαραφρόνιμσν,
503 2741 517 2750 -
540 2692 671 2787 όπσρσν
697 2698 756 2767 ἐπὶ
778 2700 945 2790 φρόνιμα

124 2849 164 2892 an
181 2831 213 2890 in
228 2828 376 2910 principio
392 2826 473 2888 tertii
491 2843 617 2888 versus:

211 2943 288 3011 ἐπεὶ
308 2935 425 3024 όθισς,
448 2933 582 3032 όφιλσς,
605 2982 621 2993 -
643 2939 664 3009 ό
686 2967 720 3010 τι
742 2941 896 3029 νιόματσν
917 2941 1010 3014 ὀλοί-

210 3074 289 3132 μαν,
313 3041 492 3137 φρόνη-σιν
515 3041 547 3111 εἰ
567 3041 658 3113 τόνδ’
680 3044 754 3131 ἔχω.

123 3187 155 3240 et
170 3178 201 3238 in
217 3165 424 3254 antistropha:

210 3286 485 3380 παραφρόνιμον,
508 3281 666 3376 όιιορσν-
680 3289 738 3356 ἐπὶ
761 3275 909 3380 φρόνιμα
931 3292 1061 3382 πεφόν-

211 3407 277 3464 θαι
297 3390 330 3478 μ’
354 3385 407 3467 όν,
429 3386 464 3459 εἴ
483 3432 498 3442 -
522 3414 560 3458 σε
581 3389 802 3481 νοσφίζσμαι·

124 3545 163 3588 an
180 3523 315 3603 denique
331 3523 361 3579 in
380 3519 439 3579 fine
455 3516 584 3579 secundi
600 3537 728 3579 versus:

211 3635 250 3708 ου’
272 3634 330 3704 τὸν
353 3631 486 3700 πάντων
507 3637 599 3699 θεῶν
622 3673 637 3682 -
662 3631 746 3700 θεόν
769 3633 900 3726 πρόμον
916 3635 1045 3707 mino·

212 3741 287 3812 ἐπεὶ
309 3733 425 3820 ἄθεος,
448 3729 581 3828 όφιλος,
604 3778 615 3786 -
642 3734 714 3804 ότι
736 3739 893 3830 πύματόν

211 3842 364 3931 ὀλοίμαν,
387 3840 546 3934 φρόνησιν
567 3837 598 3907 si
619 3835 710 3907 τάνδ’
732 3841 811 3928 ἔχω·

123 3991 154 4042 et
170 3982 200 4041 in
217 3969 425 4050 antistropha:

211 4088 350 4176 ὦ”ναξ,
373 4081 471 4158 εἶπον
488 4084 548 4171 μὲν
567 4089 627 4164 οὐκ
642 4123 655 4132 ·
671 4081 766 4170 ἅπαξ
785 4092 899 4179 μόνον,
923 4089 1001 4164 tom
1025 4090 1064 4161 tt

210 4194 481 4289 παραφρόνιμθν,
503 4186 634 4286 ἄπορον
650 4229 666 4238 ·
683 4189 742 4256 ἐπὶ
760 4196 907 4291 φρόνιμα

198 4304 393 4400 -νιεφόνθαι
414 4294 448 4383 μ’
465 4286 517 4378 σ’ἶν,
541 4296 604 4366 εἴ·
620 4330 659 4373 σε
683 4302 899 4397 νσσφίζσμαι.
