<?xml version="1.0" encoding="UTF-8"?>
<!DOCTYPE html PUBLIC "-//W3C//DTD XHTML 1.0 Transitional//EN"
    "http://www.w3.org/TR/xhtml1/DTD/xhtml1-transitional.dtd">
<html xmlns="http://www.w3.org/1999/xhtml" xml:lang="en" lang="en">
 <head>
  <title>
</title>
<meta http-equiv="Content-Type" content="text/html;charset=utf-8" />
  <meta name='ocr-system' content='tesseract 3.04.00' />
  <meta name='ocr-capabilities' content='ocr_page ocr_carea ocr_par ocr_line ocrx_word'/>
</head>
<body>
  <div class='ocr_page' id='page_1' title='image "./doctrinaemetric00hermgoog/doctrinaemetric00hermgoog_0214.png"; bbox 0 0 2922 4948; ppageno 0'>
   <div class='ocr_carea' id='block_1_1' title="bbox 499 333 1196 394">
    <p class='ocr_par' dir='ltr' id='par_1_1' title="bbox 499 333 1196 394">
     <span class='ocr_line' id='line_1_1' title="bbox 499 333 1196 394; baseline 0.004 -3"><span class='ocrx_word' id='word_1_1' title='bbox 499 351 536 391; x_wconf 83' lang='lat' dir='ltr'>nn</span> <span class='ocrx_word' id='word_1_2' title='bbox 550 351 639 392; x_wconf 82' lang='lat' dir='ltr'>rrnsv</span> <span class='ocrx_word' id='word_1_3' title='bbox 654 350 808 394; x_wconf 76' lang='lat' dir='ltr'>sarrauro.</span> <span class='ocrx_word' id='word_1_4' title='bbox 1143 333 1196 394; x_wconf 80' lang='lat'>191</span> 
     </span>
    </p>
   </div>
   <div class='ocr_carea' id='block_1_2' title="bbox 109 503 1202 2474">
    <p class='ocr_par' dir='ltr' id='par_1_2' title="bbox 109 503 1202 1916">
     <span class='ocr_line' id='line_1_2' title="bbox 112 503 1200 585; baseline 0 -19"><span class='ocrx_word' id='word_1_5' title='bbox 112 503 172 566; x_wconf 84' lang='lat' dir='ltr'>Sed</span> <span class='ocrx_word' id='word_1_6' title='bbox 187 514 219 564; x_wconf 90' lang='lat' dir='ltr'>et</span> <span class='ocrx_word' id='word_1_7' title='bbox 235 522 395 566; x_wconf 87' lang='lat' dir='ltr'>caesuram</span> <span class='ocrx_word' id='word_1_8' title='bbox 412 523 505 585; x_wconf 80' lang='lat' dir='ltr'>saepe</span> <span class='ocrx_word' id='word_1_9' title='bbox 521 504 725 582; x_wconf 77' lang='lat' dir='ltr'>neglexerunt</span> <span class='ocrx_word' id='word_1_10' title='bbox 741 503 835 566; x_wconf 87' lang='lat' dir='ltr'>rudes</span> <span class='ocrx_word' id='word_1_11' title='bbox 851 505 899 564; x_wconf 90' lang='lat' dir='ltr'>isti</span> <span class='ocrx_word' id='word_1_12' title='bbox 916 513 1041 584; x_wconf 91' lang='lat' dir='ltr'>poetae,</span> <span class='ocrx_word' id='word_1_13' title='bbox 1068 514 1099 566; x_wconf 86' lang='lat' dir='ltr'>et</span> <span class='ocrx_word' id='word_1_14' title='bbox 1118 506 1200 566; x_wconf 87' lang='lat' dir='ltr'>omni</span> 
     </span>
     <span class='ocr_line' id='line_1_3' title="bbox 111 607 1202 689; baseline 0.002 -21"><span class='ocrx_word' id='word_1_15' title='bbox 111 627 221 687; x_wconf 81' lang='lat' dir='ltr'>genere</span> <span class='ocrx_word' id='word_1_16' title='bbox 236 609 424 669; x_wconf 89' lang='lat' dir='ltr'>solutionum</span> <span class='ocrx_word' id='word_1_17' title='bbox 441 609 489 668; x_wconf 90' lang='lat' dir='ltr'>usi</span> <span class='ocrx_word' id='word_1_18' title='bbox 507 617 597 686; x_wconf 91' lang='lat' dir='ltr'>sunt,</span> <span class='ocrx_word' id='word_1_19' title='bbox 625 617 659 670; x_wconf 91' lang='lat' dir='ltr'>ut</span> <span class='ocrx_word' id='word_1_20' title='bbox 681 607 758 668; x_wconf 89' lang='lat' dir='ltr'>adeo</span> <span class='ocrx_word' id='word_1_21' title='bbox 778 608 941 688; x_wconf 80' lang='lat' dir='ltr'>ancipitem</span> <span class='ocrx_word' id='word_1_22' title='bbox 963 609 994 668; x_wconf 93' lang='lat' dir='ltr'>in</span> <span class='ocrx_word' id='word_1_23' title='bbox 1018 609 1078 670; x_wconf 83' lang='lat' dir='ltr'>fine</span> <span class='ocrx_word' id='word_1_24' title='bbox 1093 610 1202 689; x_wconf 89' lang='lat' dir='ltr'>prioris</span> 
     </span>
     <span class='ocr_line' id='line_1_4' title="bbox 114 710 1202 794; baseline 0.002 -22"><span class='ocrx_word' id='word_1_25' title='bbox 114 711 244 774; x_wconf 82' lang='lat' dir='ltr'>membri</span> <span class='ocrx_word' id='word_1_26' title='bbox 261 712 434 789; x_wconf 75' lang='lat' dir='ltr'>solverent,</span> <span class='ocrx_word' id='word_1_27' title='bbox 462 710 553 771; x_wconf 91' lang='lat' dir='ltr'>iidem</span> <span class='ocrx_word' id='word_1_28' title='bbox 577 730 633 791; x_wconf 90' lang='lat' dir='ltr'>pro</span> <span class='ocrx_word' id='word_1_29' title='bbox 649 731 732 773; x_wconf 88' lang='lat' dir='ltr'>more</span> <span class='ocrx_word' id='word_1_30' title='bbox 748 711 866 790; x_wconf 89' lang='lat' dir='ltr'>antiqui</span> <span class='ocrx_word' id='word_1_31' title='bbox 883 713 1033 782; x_wconf 88' lang='lat' dir='ltr'>sermonis</span> <span class='ocrx_word' id='word_1_32' title='bbox 1048 712 1202 794; x_wconf 90' lang='lat' dir='ltr'>spondeos</span> 
     </span>
     <span class='ocr_line' id='line_1_5' title="bbox 111 814 1202 888; baseline 0 -12"><span class='ocrx_word' id='word_1_33' title='bbox 111 818 142 876; x_wconf 91' lang='lat' dir='ltr'>in</span> <span class='ocrx_word' id='word_1_34' title='bbox 159 817 305 879; x_wconf 90' lang='lat' dir='ltr'>omnibus</span> <span class='ocrx_word' id='word_1_35' title='bbox 329 816 403 878; x_wconf 89' lang='lat' dir='ltr'>loeis</span> <span class='ocrx_word' id='word_1_36' title='bbox 425 814 574 876; x_wconf 88' lang='lat' dir='ltr'>tulerunt.</span> <span class='ocrx_word' id='word_1_37' title='bbox 607 816 689 888; x_wconf 88' lang='lat' dir='ltr'>Quin</span> <span class='ocrx_word' id='word_1_38' title='bbox 708 816 863 877; x_wconf 79' lang='lat' dir='ltr'>veterrimi</span> <span class='ocrx_word' id='word_1_39' title='bbox 884 817 959 878; x_wconf 89' lang='lat' dir='ltr'>satis</span> <span class='ocrx_word' id='word_1_40' title='bbox 979 815 1126 878; x_wconf 86' lang='lat' dir='ltr'>hahuisse</span> <span class='ocrx_word' id='word_1_41' title='bbox 1149 817 1202 880; x_wconf 89' lang='lat' dir='ltr'>vi-</span> 
     </span>
     <span class='ocr_line' id='line_1_6' title="bbox 114 919 1202 1002; baseline 0 -20"><span class='ocrx_word' id='word_1_42' title='bbox 114 920 247 1002; x_wconf 88' lang='lat' dir='ltr'>dentur,</span> <span class='ocrx_word' id='word_1_43' title='bbox 273 921 299 982; x_wconf 92' lang='lat' dir='ltr'>si</span> <span class='ocrx_word' id='word_1_44' title='bbox 321 938 432 982; x_wconf 90' lang='lat' dir='ltr'>versus</span> <span class='ocrx_word' id='word_1_45' title='bbox 453 919 556 998; x_wconf 85' lang='lat' dir='ltr'>aliquo</span> <span class='ocrx_word' id='word_1_46' title='bbox 576 919 668 981; x_wconf 91' lang='lat' dir='ltr'>modo</span> <span class='ocrx_word' id='word_1_47' title='bbox 687 920 736 980; x_wconf 93' lang='lat' dir='ltr'>his</span> <span class='ocrx_word' id='word_1_48' title='bbox 761 921 898 981; x_wconf 90' lang='lat' dir='ltr'>numeris</span> <span class='ocrx_word' id='word_1_49' title='bbox 921 920 1035 981; x_wconf 88' lang='lat' dir='ltr'>similes</span> <span class='ocrx_word' id='word_1_50' title='bbox 1058 939 1126 982; x_wconf 90' lang='lat' dir='ltr'>esse</span> <span class='ocrx_word' id='word_1_51' title='bbox 1151 921 1202 982; x_wconf 90' lang='lat' dir='ltr'>vi-</span> 
     </span>
     <span class='ocr_line' id='line_1_7' title="bbox 111 1020 1198 1104; baseline 0.002 -20"><span class='ocrx_word' id='word_1_52' title='bbox 111 1023 272 1086; x_wconf 90' lang='lat' dir='ltr'>derentur.</span> <span class='ocrx_word' id='word_1_53' title='bbox 300 1025 377 1084; x_wconf 91' lang='lat' dir='ltr'>Nam</span> <span class='ocrx_word' id='word_1_54' title='bbox 398 1020 483 1103; x_wconf 92' lang='lat' dir='ltr'>apud</span> <span class='ocrx_word' id='word_1_55' title='bbox 503 1042 609 1084; x_wconf 92' lang='lat' dir='ltr'>omnes</span> <span class='ocrx_word' id='word_1_56' title='bbox 630 1032 736 1104; x_wconf 79' lang='lat' dir='ltr'>gentes</span> <span class='ocrx_word' id='word_1_57' title='bbox 757 1024 840 1084; x_wconf 87' lang='lat' dir='ltr'>initia</span> <span class='ocrx_word' id='word_1_58' title='bbox 856 1024 958 1104; x_wconf 88' lang='lat' dir='ltr'>poesis</span> <span class='ocrx_word' id='word_1_59' title='bbox 974 1024 1045 1086; x_wconf 87' lang='lat' dir='ltr'>talia</span> <span class='ocrx_word' id='word_1_60' title='bbox 1062 1023 1198 1099; x_wconf 83' lang='lat' dir='ltr'>luerunt,</span> 
     </span>
     <span class='ocr_line' id='line_1_8' title="bbox 110 1126 1202 1208; baseline -0.001 -20"><span class='ocrx_word' id='word_1_61' title='bbox 110 1127 214 1206; x_wconf 91' lang='lat' dir='ltr'>qualia</span> <span class='ocrx_word' id='word_1_62' title='bbox 235 1127 353 1206; x_wconf 91' lang='lat' dir='ltr'>ubique</span> <span class='ocrx_word' id='word_1_63' title='bbox 376 1127 545 1188; x_wconf 81' lang='lat' dir='ltr'>etiamnum</span> <span class='ocrx_word' id='word_1_64' title='bbox 561 1127 602 1188; x_wconf 89' lang='lat' dir='ltr'>ab</span> <span class='ocrx_word' id='word_1_65' title='bbox 624 1126 801 1188; x_wconf 92' lang='lat' dir='ltr'>hominihus</span> <span class='ocrx_word' id='word_1_66' title='bbox 825 1127 954 1190; x_wconf 87' lang='lat' dir='ltr'>rudibus</span> <span class='ocrx_word' id='word_1_67' title='bbox 970 1136 1063 1208; x_wconf 88' lang='lat' dir='ltr'>atque</span> <span class='ocrx_word' id='word_1_68' title='bbox 1079 1128 1202 1190; x_wconf 89' lang='lat' dir='ltr'>incultis</span> 
     </span>
     <span class='ocr_line' id='line_1_9' title="bbox 112 1230 1202 1312; baseline 0 -20"><span class='ocrx_word' id='word_1_69' title='bbox 112 1231 256 1311; x_wconf 91' lang='lat' dir='ltr'>componi</span> <span class='ocrx_word' id='word_1_70' title='bbox 276 1230 430 1293; x_wconf 82' lang='lat' dir='ltr'>videmus,</span> <span class='ocrx_word' id='word_1_71' title='bbox 472 1231 672 1292; x_wconf 86' lang='lat' dir='ltr'>Pronuntiant</span> <span class='ocrx_word' id='word_1_72' title='bbox 696 1230 739 1290; x_wconf 89' lang='lat' dir='ltr'>illi</span> <span class='ocrx_word' id='word_1_73' title='bbox 767 1230 862 1292; x_wconf 86' lang='lat' dir='ltr'>verba</span> <span class='ocrx_word' id='word_1_74' title='bbox 889 1232 949 1310; x_wconf 91' lang='lat' dir='ltr'>sic,</span> <span class='ocrx_word' id='word_1_75' title='bbox 979 1233 1068 1293; x_wconf 90' lang='lat' dir='ltr'>utin</span> <span class='ocrx_word' id='word_1_76' title='bbox 1094 1233 1202 1312; x_wconf 89' lang='lat' dir='ltr'>quati-</span> 
     </span>
     <span class='ocr_line' id='line_1_10' title="bbox 114 1333 1197 1415; baseline 0.001 -20"><span class='ocrx_word' id='word_1_77' title='bbox 114 1335 209 1396; x_wconf 90' lang='lat' dir='ltr'>diano</span> <span class='ocrx_word' id='word_1_78' title='bbox 224 1353 366 1397; x_wconf 89' lang='lat' dir='ltr'>sermone</span> <span class='ocrx_word' id='word_1_79' title='bbox 381 1343 626 1414; x_wconf 86' lang='lat' dir='ltr'>consueverunt,</span> <span class='ocrx_word' id='word_1_80' title='bbox 650 1333 875 1415; x_wconf 91' lang='lat' dir='ltr'>includuntque</span> <span class='ocrx_word' id='word_1_81' title='bbox 896 1336 988 1396; x_wconf 88' lang='lat' dir='ltr'>etiam</span> <span class='ocrx_word' id='word_1_82' title='bbox 1008 1353 1137 1396; x_wconf 87' lang='lat' dir='ltr'>numero</span> <span class='ocrx_word' id='word_1_83' title='bbox 1152 1354 1197 1415; x_wconf 86' lang='lat' dir='ltr'>eo,</span> 
     </span>
     <span class='ocr_line' id='line_1_11' title="bbox 110 1423 1202 1519; baseline 0 -19"><span class='ocrx_word' id='word_1_84' title='bbox 110 1441 166 1518; x_wconf 91' lang='lat' dir='ltr'>qui</span> <span class='ocrx_word' id='word_1_85' title='bbox 187 1439 272 1500; x_wconf 93' lang='lat' dir='ltr'>illius</span> <span class='ocrx_word' id='word_1_86' title='bbox 295 1439 445 1499; x_wconf 88' lang='lat' dir='ltr'>sermonis</span> <span class='ocrx_word' id='word_1_87' title='bbox 468 1439 616 1519; x_wconf 77' lang='lat' dir='ltr'>proprius,</span> <span class='ocrx_word' id='word_1_88' title='bbox 634 1448 698 1519; x_wconf 88' lang='lat' dir='ltr'>est,</span> <span class='ocrx_word' id='word_1_89' title='bbox 725 1439 783 1498; x_wconf 92' lang='lat' dir='ltr'>hoe</span> <span class='ocrx_word' id='word_1_90' title='bbox 802 1449 850 1500; x_wconf 88' lang='lat' dir='ltr'>est</span> <span class='ocrx_word' id='word_1_91' title='bbox 872 1423 1023 1502; x_wconf 77' lang='lat' dir='ltr'>trochaico</span> <span class='ocrx_word' id='word_1_92' title='bbox 1045 1440 1096 1501; x_wconf 88' lang='lat' dir='ltr'>vel</span> <span class='ocrx_word' id='word_1_93' title='bbox 1119 1440 1202 1500; x_wconf 91' lang='lat' dir='ltr'>iam-</span> 
     </span>
     <span class='ocr_line' id='line_1_12' title="bbox 111 1542 1202 1624; baseline 0 -21"><span class='ocrx_word' id='word_1_94' title='bbox 111 1543 199 1623; x_wconf 89' lang='lat' dir='ltr'>bico,</span> <span class='ocrx_word' id='word_1_95' title='bbox 223 1542 317 1622; x_wconf 92' lang='lat' dir='ltr'>idque</span> <span class='ocrx_word' id='word_1_96' title='bbox 333 1543 393 1622; x_wconf 89' lang='lat' dir='ltr'>sic,</span> <span class='ocrx_word' id='word_1_97' title='bbox 420 1552 456 1604; x_wconf 88' lang='lat' dir='ltr'>ut</span> <span class='ocrx_word' id='word_1_98' title='bbox 478 1543 540 1603; x_wconf 88' lang='lat' dir='ltr'>lere</span> <span class='ocrx_word' id='word_1_99' title='bbox 563 1551 727 1604; x_wconf 91' lang='lat' dir='ltr'>numerent</span> <span class='ocrx_word' id='word_1_100' title='bbox 743 1543 839 1623; x_wconf 77' lang='lat' dir='ltr'>magis</span> <span class='ocrx_word' id='word_1_101' title='bbox 856 1543 993 1624; x_wconf 70' lang='lat' dir='ltr'>syllabas</span> <span class='ocrx_word' id='word_1_102' title='bbox 1010 1563 1103 1622; x_wconf 88' lang='lat' dir='ltr'>quam</span> <span class='ocrx_word' id='word_1_103' title='bbox 1118 1562 1202 1624; x_wconf 93' lang='lat' dir='ltr'>pon-</span> 
     </span>
     <span class='ocr_line' id='line_1_13' title="bbox 109 1637 1201 1732; baseline 0.001 -24"><span class='ocrx_word' id='word_1_104' title='bbox 109 1647 233 1708; x_wconf 87' lang='lat' dir='ltr'>derent.</span> <span class='ocrx_word' id='word_1_105' title='bbox 260 1646 419 1708; x_wconf 90' lang='lat' dir='ltr'>Eiusmodi</span> <span class='ocrx_word' id='word_1_106' title='bbox 435 1665 474 1706; x_wconf 87' lang='lat' dir='ltr'>ex</span> <span class='ocrx_word' id='word_1_107' title='bbox 489 1647 614 1726; x_wconf 89' lang='lat' dir='ltr'>antiqua</span> <span class='ocrx_word' id='word_1_108' title='bbox 628 1646 751 1707; x_wconf 85' lang='lat' dir='ltr'>Graecia</span> <span class='ocrx_word' id='word_1_109' title='bbox 768 1657 911 1727; x_wconf 86' lang='lat' dir='ltr'>superest</span> <span class='ocrx_word' id='word_1_110' title='bbox 927 1637 995 1732; x_wconf 71' lang='grc' dir='ltr'>ᾠδὴ</span> <span class='ocrx_word' id='word_1_111' title='bbox 1012 1640 1201 1728; x_wconf 78' lang='grc' dir='ltr'>ἐπιμύλιος,</span> 
     </span>
     <span class='ocr_line' id='line_1_14' title="bbox 110 1750 1199 1831; baseline 0 -21"><span class='ocrx_word' id='word_1_112' title='bbox 110 1753 202 1812; x_wconf 86' lang='lat' dir='ltr'>euius</span> <span class='ocrx_word' id='word_1_113' title='bbox 220 1750 312 1811; x_wconf 88' lang='lat' dir='ltr'>verba</span> <span class='ocrx_word' id='word_1_114' title='bbox 329 1752 433 1831; x_wconf 89' lang='lat' dir='ltr'>posuit</span> <span class='ocrx_word' id='word_1_115' title='bbox 442 1750 620 1812; x_wconf 88' lang='lat' dir='ltr'>Plutarchus</span> <span class='ocrx_word' id='word_1_116' title='bbox 636 1751 666 1810; x_wconf 91' lang='lat' dir='ltr'>in</span> <span class='ocrx_word' id='word_1_117' title='bbox 680 1751 764 1830; x_wconf 85' lang='lat' dir='ltr'>Sept.</span> <span class='ocrx_word' id='word_1_118' title='bbox 784 1751 918 1830; x_wconf 89' lang='lat' dir='ltr'>Sapient.</span> <span class='ocrx_word' id='word_1_119' title='bbox 946 1751 1093 1812; x_wconf 80' lang='lat' dir='ltr'>Convivia</span> <span class='ocrx_word' id='word_1_120' title='bbox 1108 1771 1133 1812; x_wconf 92' lang='lat' dir='ltr'>c.</span> <span class='ocrx_word' id='word_1_121' title='bbox 1149 1753 1199 1812; x_wconf 85' lang='lat' dir='ltr'>ll.</span> 
     </span>
     <span class='ocr_line' id='line_1_15' title="bbox 110 1855 296 1916; baseline 0 -2"><span class='ocrx_word' id='word_1_122' title='bbox 110 1855 168 1914; x_wconf 89' lang='lat' dir='ltr'>hoc</span> <span class='ocrx_word' id='word_1_123' title='bbox 185 1864 296 1916; x_wconf 84' lang='lat' dir='ltr'>metro:</span> 
     </span>
    </p>

    <p class='ocr_par' dir='ltr' id='par_1_3' title="bbox 199 1975 347 2021">
     <span class='ocr_line' id='line_1_16' title="bbox 199 1975 347 2021; baseline 0.007 -1"><span class='ocrx_word' id='word_1_124' title='bbox 199 1975 347 2021; x_wconf 40' lang='grc' dir='ltr'>Δια-υ</span> 
     </span>
    </p>

    <p class='ocr_par' dir='ltr' id='par_1_4' title="bbox 198 2077 369 2124">
     <span class='ocr_line' id='line_1_17' title="bbox 198 2077 369 2124; baseline 0 0"><span class='ocrx_word' id='word_1_125' title='bbox 198 2077 369 2124; x_wconf 55' lang='grc' dir='ltr'>Δια-νέα.</span> 
     </span>
    </p>

    <p class='ocr_par' dir='ltr' id='par_1_5' title="bbox 199 2181 469 2230">
     <span class='ocr_line' id='line_1_18' title="bbox 199 2181 469 2230; baseline 0.015 -4"><span class='ocrx_word' id='word_1_126' title='bbox 199 2181 469 2230; x_wconf 62' lang='grc' dir='ltr'><strong>υέυ.υ.ὐ.υ-ὐ</strong></span> 
     </span>
    </p>

    <p class='ocr_par' dir='ltr' id='par_1_6' title="bbox 199 2275 496 2367">
     <span class='ocr_line' id='line_1_19' title="bbox 199 2275 496 2367; baseline 0.003 -20"><span class='ocrx_word' id='word_1_127' title='bbox 199 2275 274 2348; x_wconf 71' lang='grc' dir='ltr'>ἄλει</span> <span class='ocrx_word' id='word_1_128' title='bbox 293 2279 383 2367; x_wconf 81' lang='grc' dir='ltr'><strong><em>μύλα</em></strong></span> <span class='ocrx_word' id='word_1_129' title='bbox 405 2276 496 2350; x_wconf 71' lang='lat' dir='ltr'>dta-</span> 
     </span>
    </p>

    <p class='ocr_par' dir='ltr' id='par_1_7' title="bbox 200 2381 628 2474">
     <span class='ocr_line' id='line_1_20' title="bbox 200 2381 628 2474; baseline 0.002 -23"><span class='ocrx_word' id='word_1_130' title='bbox 200 2385 257 2452; x_wconf 82' lang='grc' dir='ltr'>καὶ</span> <span class='ocrx_word' id='word_1_131' title='bbox 279 2383 339 2474; x_wconf 81' lang='grc' dir='ltr'>γὰρ</span> <span class='ocrx_word' id='word_1_132' title='bbox 362 2385 533 2464; x_wconf 79' lang='grc' dir='ltr'>Πιττακὸς</span> <span class='ocrx_word' id='word_1_133' title='bbox 553 2381 628 2454; x_wconf 65' lang='lat' dir='ltr'>altat</span> 
     </span>
    </p>
   </div>
   <div class='ocr_carea' id='block_1_3' title="bbox 124 2486 766 2582">
    <p class='ocr_par' dir='ltr' id='par_1_8' title="bbox 124 2486 766 2582">
     <span class='ocr_line' id='line_1_21' title="bbox 124 2486 766 2582; baseline 0.002 -27"><span class='ocrx_word' id='word_1_134' title='bbox 124 2559 127 2565; x_wconf 72' lang='grc'>,</span> <span class='ocrx_word' id='word_1_135' title='bbox 197 2487 345 2582; x_wconf 69' lang='grc' dir='ltr'><strong><em>μεγάλας</em></strong></span> <span class='ocrx_word' id='word_1_136' title='bbox 354 2486 551 2568; x_wconf 76' lang='grc' dir='ltr'><strong><em>Μυτιλάνας</em></strong></span> <span class='ocrx_word' id='word_1_137' title='bbox 570 2487 766 2576; x_wconf 76' lang='grc' dir='ltr'><em>βασιλεύων.</em></span> 
     </span>
    </p>
   </div>
   <div class='ocr_carea' id='block_1_4' title="bbox 108 2631 1208 3836">
    <p class='ocr_par' dir='ltr' id='par_1_9' title="bbox 108 2631 1208 3836">
     <span class='ocr_line' id='line_1_22' title="bbox 110 2631 1196 2713; baseline 0.005 -21"><span class='ocrx_word' id='word_1_138' title='bbox 110 2633 238 2711; x_wconf 89' lang='lat' dir='ltr'>Deque</span> <span class='ocrx_word' id='word_1_139' title='bbox 262 2633 396 2692; x_wconf 78' lang='lat' dir='ltr'>carmine</span> <span class='ocrx_word' id='word_1_140' title='bbox 418 2631 497 2694; x_wconf 81' lang='lat' dir='ltr'>dixit</span> <span class='ocrx_word' id='word_1_141' title='bbox 513 2631 696 2695; x_wconf 82' lang='lat' dir='ltr'>llitschelius</span> <span class='ocrx_word' id='word_1_142' title='bbox 719 2634 749 2692; x_wconf 92' lang='lat' dir='ltr'>in</span> <span class='ocrx_word' id='word_1_143' title='bbox 765 2635 868 2694; x_wconf 86' lang='lat' dir='ltr'>lluseo</span> <span class='ocrx_word' id='word_1_144' title='bbox 884 2635 1031 2713; x_wconf 85' lang='lat' dir='ltr'>Rhenano</span> <span class='ocrx_word' id='word_1_145' title='bbox 1053 2654 1080 2696; x_wconf 89' lang='lat' dir='ltr'>a.</span> <span class='ocrx_word' id='word_1_146' title='bbox 1104 2636 1196 2697; x_wconf 84' lang='lat' dir='ltr'>l8ll.</span> 
     </span>
     <span class='ocr_line' id='line_1_23' title="bbox 110 2737 1200 2818; baseline 0.003 -22"><span class='ocrx_word' id='word_1_147' title='bbox 110 2737 131 2797; x_wconf 94' lang='lat' dir='ltr'>l.</span> <span class='ocrx_word' id='word_1_148' title='bbox 152 2755 183 2815; x_wconf 92' lang='lat' dir='ltr'>p.</span> <span class='ocrx_word' id='word_1_149' title='bbox 205 2738 278 2796; x_wconf 81' lang='grc'>301.</span> <span class='ocrx_word' id='word_1_150' title='bbox 312 2737 363 2796; x_wconf 91' lang='lat' dir='ltr'>Sic</span> <span class='ocrx_word' id='word_1_151' title='bbox 378 2737 469 2816; x_wconf 80' lang='lat' dir='ltr'>igitur</span> <span class='ocrx_word' id='word_1_152' title='bbox 484 2737 648 2818; x_wconf 85' lang='lat' dir='ltr'>composita</span> <span class='ocrx_word' id='word_1_153' title='bbox 667 2737 792 2798; x_wconf 89' lang='lat' dir='ltr'>luerunt</span> <span class='ocrx_word' id='word_1_154' title='bbox 813 2738 903 2799; x_wconf 91' lang='lat' dir='ltr'>etiam</span> <span class='ocrx_word' id='word_1_155' title='bbox 922 2739 1097 2800; x_wconf 87' lang='lat' dir='ltr'>Latinorum</span> <span class='ocrx_word' id='word_1_156' title='bbox 1114 2739 1200 2800; x_wconf 89' lang='lat' dir='ltr'>anti-</span> 
     </span>
     <span class='ocr_line' id='line_1_24' title="bbox 108 2839 1208 2924; baseline 0.004 -24"><span class='ocrx_word' id='word_1_157' title='bbox 108 2840 260 2918; x_wconf 86' lang='lat' dir='ltr'>quissima</span> <span class='ocrx_word' id='word_1_158' title='bbox 278 2839 427 2920; x_wconf 88' lang='lat' dir='ltr'>carmina,</span> <span class='ocrx_word' id='word_1_159' title='bbox 454 2850 490 2902; x_wconf 91' lang='lat' dir='ltr'>ut</span> <span class='ocrx_word' id='word_1_160' title='bbox 512 2842 614 2924; x_wconf 86' lang='lat' dir='ltr'>aliquo</span> <span class='ocrx_word' id='word_1_161' title='bbox 630 2859 826 2921; x_wconf 85' lang='lat' dir='ltr'>quocumque</span> <span class='ocrx_word' id='word_1_162' title='bbox 850 2840 940 2904; x_wconf 93' lang='lat' dir='ltr'>modo</span> <span class='ocrx_word' id='word_1_163' title='bbox 962 2861 1128 2904; x_wconf 89' lang='lat' dir='ltr'>numerum</span> <span class='ocrx_word' id='word_1_164' title='bbox 1146 2839 1208 2904; x_wconf 90' lang='lat' dir='ltr'>re-&#39;</span> 
     </span>
     <span class='ocr_line' id='line_1_25' title="bbox 110 2942 1200 3026; baseline 0.006 -24"><span class='ocrx_word' id='word_1_165' title='bbox 110 2944 228 3003; x_wconf 80' lang='lat' dir='ltr'>ferrent</span> <span class='ocrx_word' id='word_1_166' title='bbox 245 2942 365 3003; x_wconf 88' lang='lat' dir='ltr'>iambici</span> <span class='ocrx_word' id='word_1_167' title='bbox 381 2943 503 3005; x_wconf 88' lang='lat' dir='ltr'>dimetri</span> <span class='ocrx_word' id='word_1_168' title='bbox 519 2946 700 3025; x_wconf 83' lang='lat' dir='ltr'>catalectici,</span> <span class='ocrx_word' id='word_1_169' title='bbox 724 2963 816 3024; x_wconf 91' lang='lat' dir='ltr'>quem</span> <span class='ocrx_word' id='word_1_170' title='bbox 833 2956 1016 3026; x_wconf 87' lang='lat' dir='ltr'>sequeretur</span> <span class='ocrx_word' id='word_1_171' title='bbox 1032 2947 1200 3008; x_wconf 88' lang='lat' dir='ltr'>trochaicus</span> 
     </span>
     <span class='ocr_line' id='line_1_26' title="bbox 110 3046 1201 3131; baseline 0.005 -24"><span class='ocrx_word' id='word_1_172' title='bbox 110 3046 245 3107; x_wconf 86' lang='lat' dir='ltr'>dimeter</span> <span class='ocrx_word' id='word_1_173' title='bbox 268 3046 568 3128; x_wconf 77' lang='lat' dir='ltr'>brachycatalectus,</span> <span class='ocrx_word' id='word_1_174' title='bbox 595 3068 653 3110; x_wconf 87' lang='lat' dir='ltr'>nec</span> <span class='ocrx_word' id='word_1_175' title='bbox 676 3051 755 3112; x_wconf 88' lang='lat' dir='ltr'>iusta</span> <span class='ocrx_word' id='word_1_176' title='bbox 772 3069 916 3112; x_wconf 89' lang='lat' dir='ltr'>mensura</span> <span class='ocrx_word' id='word_1_177' title='bbox 933 3051 1123 3131; x_wconf 78' lang='lat' dir='ltr'>syllabarum</span> <span class='ocrx_word' id='word_1_178' title='bbox 1139 3051 1201 3113; x_wconf 93' lang='lat' dir='ltr'>oh-</span> 
     </span>
     <span class='ocr_line' id='line_1_27' title="bbox 110 3151 1197 3235; baseline 0.005 -23"><span class='ocrx_word' id='word_1_179' title='bbox 110 3160 252 3228; x_wconf 87' lang='lat' dir='ltr'>servata,</span> <span class='ocrx_word' id='word_1_180' title='bbox 279 3169 380 3230; x_wconf 90' lang='lat' dir='ltr'>neque</span> <span class='ocrx_word' id='word_1_181' title='bbox 403 3151 489 3212; x_wconf 91' lang='lat' dir='ltr'>hiatu</span> <span class='ocrx_word' id='word_1_182' title='bbox 509 3153 621 3234; x_wconf 90' lang='lat' dir='ltr'>vitato,</span> <span class='ocrx_word' id='word_1_183' title='bbox 647 3172 704 3213; x_wconf 89' lang='lat' dir='ltr'>nec</span> <span class='ocrx_word' id='word_1_184' title='bbox 725 3153 819 3230; x_wconf 88' lang='lat' dir='ltr'>nullis</span> <span class='ocrx_word' id='word_1_185' title='bbox 841 3154 984 3216; x_wconf 88' lang='lat' dir='ltr'>admissis</span> <span class='ocrx_word' id='word_1_186' title='bbox 1008 3155 1197 3235; x_wconf 88' lang='lat' dir='ltr'>elisionibus,</span> 
     </span>
     <span class='ocr_line' id='line_1_28' title="bbox 110 3252 1201 3336; baseline 0.004 -22"><span class='ocrx_word' id='word_1_187' title='bbox 110 3252 282 3333; x_wconf 86' lang='lat' dir='ltr'>aliquando</span> <span class='ocrx_word' id='word_1_188' title='bbox 306 3255 398 3316; x_wconf 87' lang='lat' dir='ltr'>etiam</span> <span class='ocrx_word' id='word_1_189' title='bbox 422 3254 575 3318; x_wconf 89' lang='lat' dir='ltr'>tribracho</span> <span class='ocrx_word' id='word_1_190' title='bbox 596 3257 645 3318; x_wconf 88' lang='lat' dir='ltr'>vel</span> <span class='ocrx_word' id='word_1_191' title='bbox 667 3256 789 3336; x_wconf 78' lang='lat' dir='ltr'>dactylo</span> <span class='ocrx_word' id='word_1_192' title='bbox 818 3258 849 3318; x_wconf 92' lang='lat' dir='ltr'>in</span> <span class='ocrx_word' id='word_1_193' title='bbox 871 3259 1003 3320; x_wconf 85' lang='lat' dir='ltr'>trochaei</span> <span class='ocrx_word' id='word_1_194' title='bbox 1024 3259 1124 3320; x_wconf 86' lang='lat' dir='ltr'>locum</span> <span class='ocrx_word' id='word_1_195' title='bbox 1145 3276 1201 3318; x_wconf 88' lang='lat' dir='ltr'>re-</span> 
     </span>
     <span class='ocr_line' id='line_1_29' title="bbox 111 3357 1200 3441; baseline 0.006 -23"><span class='ocrx_word' id='word_1_196' title='bbox 111 3368 202 3438; x_wconf 89' lang='lat' dir='ltr'>cepto</span> <span class='ocrx_word' id='word_1_197' title='bbox 217 3357 311 3437; x_wconf 88' lang='lat' dir='ltr'>idque</span> <span class='ocrx_word' id='word_1_198' title='bbox 327 3357 357 3417; x_wconf 93' lang='lat' dir='ltr'>in</span> <span class='ocrx_word' id='word_1_199' title='bbox 374 3359 441 3439; x_wconf 91' lang='lat' dir='ltr'>ipso</span> <span class='ocrx_word' id='word_1_200' title='bbox 453 3358 560 3420; x_wconf 90' lang='lat' dir='ltr'>ultimo</span> <span class='ocrx_word' id='word_1_201' title='bbox 575 3358 673 3440; x_wconf 86' lang='lat' dir='ltr'>pede,</span> <span class='ocrx_word' id='word_1_202' title='bbox 691 3361 721 3419; x_wconf 93' lang='lat' dir='ltr'>in</span> <span class='ocrx_word' id='word_1_203' title='bbox 738 3379 800 3440; x_wconf 86' lang='lat' dir='ltr'>quo</span> <span class='ocrx_word' id='word_1_204' title='bbox 815 3361 906 3421; x_wconf 89' lang='lat' dir='ltr'>etiam</span> <span class='ocrx_word' id='word_1_205' title='bbox 923 3363 1105 3424; x_wconf 89' lang='lat' dir='ltr'>recentiores</span> <span class='ocrx_word' id='word_1_206' title='bbox 1120 3381 1200 3441; x_wconf 85' lang='lat' dir='ltr'>poe-</span> 
     </span>
     <span class='ocr_line' id='line_1_30' title="bbox 110 3461 1200 3545; baseline 0.001 -21"><span class='ocrx_word' id='word_1_207' title='bbox 110 3473 161 3524; x_wconf 89' lang='lat' dir='ltr'>tae</span> <span class='ocrx_word' id='word_1_208' title='bbox 177 3461 261 3541; x_wconf 90' lang='lat' dir='ltr'>Itali,</span> <span class='ocrx_word' id='word_1_209' title='bbox 288 3480 356 3524; x_wconf 89' lang='lat' dir='ltr'>raro</span> <span class='ocrx_word' id='word_1_210' title='bbox 372 3470 493 3543; x_wconf 88' lang='lat' dir='ltr'>tamen,</span> <span class='ocrx_word' id='word_1_211' title='bbox 520 3463 629 3543; x_wconf 87' lang='lat' dir='ltr'>raptim</span> <span class='ocrx_word' id='word_1_212' title='bbox 645 3461 909 3543; x_wconf 89' lang='lat' dir='ltr'>pronuntiandum</span> <span class='ocrx_word' id='word_1_213' title='bbox 934 3463 1122 3526; x_wconf 89' lang='lat' dir='ltr'>tribrachum</span> <span class='ocrx_word' id='word_1_214' title='bbox 1138 3484 1200 3545; x_wconf 90' lang='lat' dir='ltr'>po-</span> 
     </span>
     <span class='ocr_line' id='line_1_31' title="bbox 112 3563 1200 3644; baseline 0.004 -18"><span class='ocrx_word' id='word_1_215' title='bbox 112 3575 262 3644; x_wconf 88' lang='lat' dir='ltr'>suerunt,</span> <span class='ocrx_word' id='word_1_216' title='bbox 291 3576 325 3628; x_wconf 94' lang='lat' dir='ltr'>ut</span> <span class='ocrx_word' id='word_1_217' title='bbox 347 3563 488 3629; x_wconf 77' lang='lat' dir='ltr'>driostus</span> <span class='ocrx_word' id='word_1_218' title='bbox 510 3568 542 3627; x_wconf 93' lang='lat' dir='ltr'>in</span> <span class='ocrx_word' id='word_1_219' title='bbox 565 3565 702 3628; x_wconf 85' lang='lat' dir='ltr'>llalando</span> <span class='ocrx_word' id='word_1_220' title='bbox 726 3567 851 3628; x_wconf 85' lang='lat' dir='ltr'>Furioso</span> <span class='ocrx_word' id='word_1_221' title='bbox 866 3567 901 3628; x_wconf 93' lang='lat' dir='ltr'>ll.</span> <span class='ocrx_word' id='word_1_222' title='bbox 922 3569 973 3629; x_wconf 85' lang='lat'>56.</span> <span class='ocrx_word' id='word_1_223' title='bbox 997 3569 1034 3630; x_wconf 91' lang='lat' dir='ltr'>X.</span> <span class='ocrx_word' id='word_1_224' title='bbox 1055 3565 1106 3630; x_wconf 86' lang='lat'>76.</span> <span class='ocrx_word' id='word_1_225' title='bbox 1139 3567 1200 3630; x_wconf 86' lang='lat' dir='ltr'>Sed</span> 
     </span>
     <span class='ocr_line' id='line_1_32' title="bbox 111 3667 1201 3750; baseline 0.002 -20"><span class='ocrx_word' id='word_1_226' title='bbox 111 3668 293 3750; x_wconf 81' lang='lat' dir='ltr'>progredior</span> <span class='ocrx_word' id='word_1_227' title='bbox 314 3669 353 3732; x_wconf 93' lang='lat' dir='ltr'>ad</span> <span class='ocrx_word' id='word_1_228' title='bbox 376 3671 528 3749; x_wconf 84' lang='lat' dir='ltr'>exempla.</span> <span class='ocrx_word' id='word_1_229' title='bbox 555 3671 650 3732; x_wconf 90' lang='lat' dir='ltr'>Varro</span> <span class='ocrx_word' id='word_1_230' title='bbox 672 3667 711 3730; x_wconf 92' lang='lat' dir='ltr'>de</span> <span class='ocrx_word' id='word_1_231' title='bbox 727 3671 759 3730; x_wconf 93' lang='lat' dir='ltr'>L.</span> <span class='ocrx_word' id='word_1_232' title='bbox 779 3671 811 3730; x_wconf 91' lang='lat' dir='ltr'>L.</span> <span class='ocrx_word' id='word_1_233' title='bbox 832 3671 891 3732; x_wconf 88' lang='lat' dir='ltr'>Vll.</span> <span class='ocrx_word' id='word_1_234' title='bbox 912 3671 963 3732; x_wconf 75' lang='grc'>27.</span> <span class='ocrx_word' id='word_1_235' title='bbox 984 3671 1035 3732; x_wconf 75' lang='lat'>28.</span> <span class='ocrx_word' id='word_1_236' title='bbox 1058 3671 1146 3734; x_wconf 86' lang='lat' dir='ltr'>allert</span> <span class='ocrx_word' id='word_1_237' title='bbox 1161 3692 1201 3732; x_wconf 83' lang='lat' dir='ltr'>ex</span> 
     </span>
     <span class='ocr_line' id='line_1_33' title="bbox 111 3774 393 3836; baseline 0 -2"><span class='ocrx_word' id='word_1_238' title='bbox 111 3775 250 3835; x_wconf 88' lang='lat' dir='ltr'>carmine</span> <span class='ocrx_word' id='word_1_239' title='bbox 267 3774 393 3836; x_wconf 83' lang='lat' dir='ltr'>Saliari:</span> 
     </span>
    </p>
   </div>
   <div class='ocr_carea' id='block_1_5' title="bbox 198 3911 964 3996">
    <p class='ocr_par' dir='ltr' id='par_1_10' title="bbox 198 3911 964 3996">
     <span class='ocr_line' id='line_1_34' title="bbox 198 3911 964 3996; baseline 0.003 -22"><span class='ocrx_word' id='word_1_240' title='bbox 198 3913 301 3974; x_wconf 84' lang='lat' dir='ltr'>divum</span> <span class='ocrx_word' id='word_1_241' title='bbox 319 3915 394 3975; x_wconf 74' lang='lat' dir='ltr'>deta</span> <span class='ocrx_word' id='word_1_242' title='bbox 409 3919 505 3992; x_wconf 84' lang='lat' dir='ltr'>conte,</span> <span class='ocrx_word' id='word_1_243' title='bbox 525 3911 628 3974; x_wconf 83' lang='lat' dir='ltr'>divam</span> <span class='ocrx_word' id='word_1_244' title='bbox 643 3911 696 3975; x_wconf 86' lang='lat' dir='ltr'>de&#39;o</span> <span class='ocrx_word' id='word_1_245' title='bbox 712 3913 845 3996; x_wconf 82' lang='lat' dir='ltr'>supplice</span> <span class='ocrx_word' id='word_1_246' title='bbox 861 3922 964 3990; x_wconf 86' lang='lat' dir='ltr'>coate;</span> 
     </span>
    </p>
   </div>
   <div class='ocr_carea' id='block_1_6' title="bbox 39 4032 1006 4114">
    <p class='ocr_par' dir='ltr' id='par_1_11' title="bbox 39 4032 1006 4114">
     <span class='ocr_line' id='line_1_35' title="bbox 39 4032 1006 4114; baseline -0.002 -20"><span class='ocrx_word' id='word_1_247' title='bbox 39 4044 42 4049; x_wconf 83' lang='grc'><strong><em>·</em></strong></span> <span class='ocrx_word' id='word_1_248' title='bbox 110 4043 141 4094; x_wconf 90' lang='lat' dir='ltr'>et</span> <span class='ocrx_word' id='word_1_249' title='bbox 156 4055 197 4094; x_wconf 83' lang='lat' dir='ltr'>ex</span> <span class='ocrx_word' id='word_1_250' title='bbox 212 4034 348 4094; x_wconf 83' lang='lat' dir='ltr'>camnine</span> <span class='ocrx_word' id='word_1_251' title='bbox 363 4033 488 4111; x_wconf 85' lang='lat' dir='ltr'>Priami,</span> <span class='ocrx_word' id='word_1_252' title='bbox 508 4032 591 4111; x_wconf 89' lang='lat' dir='ltr'>quod</span> <span class='ocrx_word' id='word_1_253' title='bbox 606 4034 695 4095; x_wconf 89' lang='lat' dir='ltr'>euius</span> <span class='ocrx_word' id='word_1_254' title='bbox 709 4042 817 4114; x_wconf 86' lang='lat' dir='ltr'>poetae</span> <span class='ocrx_word' id='word_1_255' title='bbox 832 4034 873 4096; x_wconf 88' lang='lat' dir='ltr'>sit</span> <span class='ocrx_word' id='word_1_256' title='bbox 887 4035 1006 4094; x_wconf 88' lang='lat' dir='ltr'>neseio:</span> 
     </span>
    </p>
   </div>
   <div class='ocr_carea' id='block_1_7' title="bbox 197 4155 892 4322">
    <p class='ocr_par' dir='ltr' id='par_1_12' title="bbox 197 4155 892 4322">
     <span class='ocr_line' id='line_1_36' title="bbox 197 4155 892 4235; baseline -0.003 -19"><span class='ocrx_word' id='word_1_257' title='bbox 197 4158 324 4228; x_wconf 59' lang='lat' dir='ltr'>aroteres,</span> <span class='ocrx_word' id='word_1_258' title='bbox 345 4156 488 4234; x_wconf 81' lang='lat' dir='ltr'>Gomorra,</span> <span class='ocrx_word' id='word_1_259' title='bbox 509 4171 615 4216; x_wconf 73' lang='lat' dir='ltr'>careas</span> <span class='ocrx_word' id='word_1_260' title='bbox 628 4156 678 4215; x_wconf 67' lang='lat' dir='ltr'>res</span> <span class='ocrx_word' id='word_1_261' title='bbox 692 4155 757 4215; x_wconf 87' lang='lat' dir='ltr'>volo</span> <span class='ocrx_word' id='word_1_262' title='bbox 770 4155 892 4235; x_wconf 77' lang='lat' dir='ltr'>profari</span> 
     </span>
     <span class='ocr_line' id='line_1_37' title="bbox 198 4261 410 4322; baseline -0.028 0"><span class='ocrx_word' id='word_1_263' title='bbox 198 4268 227 4322; x_wconf 87' lang='lat' dir='ltr'>et</span> <span class='ocrx_word' id='word_1_264' title='bbox 242 4261 410 4321; x_wconf 77' lang='lat' dir='ltr'>Priamum.</span> 
     </span>
    </p>
   </div>
   <div class='ocr_carea' id='block_1_8' title="bbox 0 0 1466 4948">
    <p class='ocr_par' dir='ltr' id='par_1_13' title="bbox 0 0 1466 4948">
     <span class='ocr_line' id='line_1_38' title="bbox 0 0 1466 4948; baseline 0 0"><span class='ocrx_word' id='word_1_265' title='bbox 0 0 1466 4948; x_wconf 95' lang='lat' dir='ltr'> </span> 
     </span>
    </p>
   </div>
  </div>
 </body>
</html>
