2930 4962
236 393 266 436 Vl
694 391 861 433 valerano.

238 545 292 628 qui
307 545 349 608 ad
364 562 490 609 sensum
513 541 728 607 tantummodo
747 538 876 619 attenti,
899 545 1001 606 metra
1015 541 1197 624 negligunt,
1222 559 1323 622 neque

238 652 290 729 hi,
308 651 361 734 qui
377 656 476 716 metra
491 650 559 715 sola
572 656 736 726 notantes,
760 648 836 732 quid
852 649 1007 714 sententia
1021 648 1186 714 verborum
1201 649 1321 730 exigat,

238 779 301 824 non
316 763 443 824 curant:
466 757 523 822 sed
538 777 576 822 ea
590 757 717 823 demum
731 757 815 821 insta
830 762 878 821 est
892 755 1045 834 recitatio,
1062 775 1143 839 quae
1158 761 1324 838 utrumque

238 866 422 950 respiciens,
438 865 473 930 id
487 850 566 948 agit,
583 872 629 945 ut,
651 865 726 930 dum
740 864 846 930 sensui
862 863 945 947 aptis
960 863 1213 929 distinctionibus
1228 863 1323 928 satis-

238 973 311 1054 fiat,
335 973 427 1038 simul
443 973 538 1038 ctiam
553 979 653 1060 metra
667 978 752 1038 certo
767 977 798 1037 et
812 971 901 1038 firmo
914 971 1039 1037 incessu
1055 970 1233 1036 decurrant.
1264 969 1324 1034 At-

239 1100 300 1164 que
320 1087 442 1146 veteres
463 1080 551 1164 ipsos
576 1077 723 1144 adhunc
746 1078 872 1144 modum
896 1077 1078 1144 recitavissc
1100 1095 1210 1146 versus
1236 1096 1321 1155 suos,

237 1187 317 1254 illud
331 1188 454 1272 prodit,
477 1187 560 1270 quod
575 1185 682 1252 multis
696 1186 730 1250 in
745 1185 853 1251 metris
867 1205 924 1269 pro
944 1185 1203 1270 interpunctionis
1219 1184 1324 1250 diver

238 1296 332 1362 sitate
346 1294 496 1362 maiorem
512 1293 703 1360 minoremve
718 1294 878 1359 boantium
890 1292 1034 1359 videmus
1046 1311 1228 1359 concessam
1239 1310 1321 1358 esse.

113 1443 116 1451 -
237 1401 454 1468 Animadverti
476 1407 581 1467 autem
603 1401 706 1484 magis
726 1401 792 1467 fere
806 1401 841 1466 in
855 1400 976 1468 Latinis
991 1401 1133 1467 versibus
1154 1399 1324 1466 recitandis

239 1531 333 1594 quarn
347 1511 381 1575 in
397 1510 527 1575 Graecis
550 1510 694 1593 peccari,
718 1515 750 1574 et
765 1509 891 1591 quidem
906 1508 1028 1575 duobus
1043 1509 1164 1574 modis:
1189 1507 1324 1592 primum

237 1637 287 1695 eo,
300 1617 384 1700 quod
399 1617 489 1682 multi
505 1617 645 1702 syllabas
659 1617 693 1683 in
708 1617 849 1683 vocalem
865 1617 915 1681 vol
930 1617 963 1682 in
978 1639 1005 1679 m
1022 1615 1159 1682 litteram
1173 1620 1325 1680 exeuntes
1381 1649 1393 1668 ·

237 1729 312 1790 ante
326 1725 467 1791 vocalem
482 1725 578 1810 plane
593 1724 749 1803 omittunt,
767 1725 1033 1810 pronuntiantque

325 1881 469 1944 descende
485 1883 551 1945 coel
564 1891 592 1945 el
607 1882 655 1943 dic
671 1902 726 1962 oya
743 1883 828 1955 tibio,

324 1996 438 2052 monstr
453 1989 584 2052 borrend
598 1989 711 2067 inform
727 1989 841 2070 loycam,
860 1991 911 2052 coi
927 1991 1025 2050 lrvnrcn
1040 1988 1160 2068 ndeorpt
1175 1993 1228 2065 est,

238 2177 334 2242 quum
349 2159 443 2244 plene
457 2158 563 2225 omnia
577 2157 767 2243 proferenda
782 2159 856 2238 sint,

324 2315 466 2394 &scendo
482 2315 562 2377 coelo
578 2323 606 2376 ot
620 2315 667 2376 dio
684 2335 740 2398 oye
756 2315 838 2391 tibio,

325 2428 488 2484 monstram
513 2397 695 2484 terrineam
718 2419 989 2503 informaremus,
1021 2423 1070 2483 croi
1095 2423 1193 2484 luccen
1216 2421 1325 2484 udam-

859 2536 944 2610 ptum
959 2538 1011 2608 est,

238 2687 296 2753 sod
317 2687 381 2767 sic,
409 2693 444 2752 ιιι
465 2693 497 2753 et
517 2693 651 2752 canter
673 2694 706 2754 et
725 2688 788 2752 ista
809 2709 860 2750 om
880 2693 954 2754 ante
975 2707 1031 2754 cas
1052 2708 1133 2771 quae
1155 2693 1325 2772 sequuntur

238 2796 379 2882 syllabas
393 2796 508 2880 raptim
523 2795 641 2861 inserta
656 2796 824 2861 audiantur
839 2794 977 2879 quidem,
991 2815 1098 2862 verum
1114 2802 1148 2860 ut
1163 2815 1238 2880 pars
1253 2803 1325 2860 tan-

238 2910 304 2970 turn
326 2904 486 2986 sequentis
508 2903 662 2988 syllabae.
701 2903 843 2967 Alterum
869 2902 902 2966 in
924 2923 985 2986 quo
1007 2908 1155 2987 peccatur
1179 2902 1239 2968 hcc
1261 2909 1321 2980 est,

237 3010 322 3095 quod
336 3031 432 3094 quum
447 3011 579 3076 Latinus
594 3030 696 3076 sermo
711 3030 774 3074 non
789 3014 882 3072 acuat
898 2997 1023 3074 irlbmas
1043 3011 1195 3094 syllabas,
1218 3011 1321 3089 multi,

237 3119 265 3184 si
288 3119 413 3203 syllaba
433 3119 538 3184 finalis
560 3120 618 3184 sub
639 3118 703 3182 ictu
724 3121 788 3193 ost,
813 3117 914 3180 solum
929 3116 1025 3182 ictum
1040 3116 1073 3181 in
1088 3115 1249 3183 recitando
1264 3139 1338 3184 no-.

238 3231 322 3304 tant,
347 3227 489 3310 neglecto
504 3225 557 3308 qui
572 3225 722 3307 cuiusque
736 3223 881 3288 vocabuli
896 3223 1040 3307 proprius
1055 3228 1104 3290 est
1117 3229 1264 3290 accentu:
1290 3230 1324 3288 ut

238 3350 333 3417 quum
348 3333 382 3398 in
397 3331 447 3398 his
462 3331 605 3400 versibus

325 3498 396 3551 cacat
410 3489 517 3551 delicto
533 3497 642 3558 tuanen,
662 3485 770 3566 quibas
785 3487 932 3566 iynovisse
947 3486 1083 3562 cellmua,

200 3651 201 3654 ,
324 3616 409 3658 sumn
422 3615 479 3678 per
493 3603 521 3656 et
535 3593 672 3675 scopulos
688 3601 715 3653 et
731 3593 888 3672 depressos
904 3593 1060 3672 concutiet,

239 3773 337 3834 tomen
357 3771 390 3832 et
410 3768 543 3848 scopulos
566 3762 786 3847 pronuntiant,
810 3781 892 3845 qnae
906 3763 1061 3829 vocabula
1075 3762 1121 3829 sic
1135 3763 1324 3848 proferenda

227 3880 328 3953 sunt,
352 3879 387 3938 ιιι
401 3873 495 3937 simul
509 3870 669 3954 utriusque
683 3868 806 3935 numeri
820 3870 900 3936 ictus
922 3869 1086 3949 audiatur,
1112 3876 1224 3950 tomen,
1251 3877 1323 3935 ccd-

234 3986 334 4065 pulos.
400 3995 402 3999 ’

324 4086 465 4154 Tertium
480 4083 627 4170 deniqne,
651 4083 691 4152 de
705 4105 767 4168 quo
781 4082 997 4150 admonendos
1012 4089 1088 4169 puto
1103 4105 1157 4152 eos
1171 4088 1225 4169 qui
1239 4093 1325 4154 recte

238 4214 427 4279 cognoscere
449 4213 515 4260 rem
537 4194 699 4260 metricam
720 4183 854 4270 volunt,'
870 4192 930 4258 hoc
951 4199 1017 4273 est,
1046 4198 1081 4259 ιιι
1102 4193 1243 4274 discant,
1269 4195 1324 4277 qui
