2896 4960
264 353 304 414 84
667 369 723 412 ιιι.
743 369 776 413 ιι.
811 371 873 412 cir.
892 369 951 412 xri.

350 522 374 604 ξ
389 519 467 586 245.
500 520 593 584 Aliud
615 543 728 603 genus,
748 523 832 604 quod
847 525 894 586 his
910 524 1009 586 simile
1031 533 1092 600 est,
1122 525 1285 586 venustius
1301 523 1350 582 vi-

264 625 354 688 detur
370 645 409 686 ex
425 625 602 687 dochmiaco
617 627 864 707 hypercatalecto
880 637 911 688 et
926 627 1074 688 trochaeis
1091 629 1248 706 componi:

350 762 374 791 υ
389 746 413 792 .¹
437 745 461 791 L
474 739 548 792 cLQ
558 745 704 793 .ὐ-υ’-υ

373 885 423 915 W

262 973 433 1070 Aeschilus
449 989 585 1068 cuoepa.
607 989 656 1051 ιε.

275 1099 278 1104 ’
350 1102 390 1171 ici
412 1109 504 1193 μαῖα,
527 1109 618 1193 μαῖα,
642 1102 778 1189 μωμένα
800 1099 834 1190 μ’
860 1102 978 1172 ἰάλλει.

348 1313 470 1399 5246.
513 1316 679 1379 lambicum
710 1317 979 1397 ischiorrhogicum
1005 1317 1146 1380 dochmic
1175 1315 1347 1379 subiectum

264 1421 379 1484 habent
394 1441 491 1501 quum
508 1421 569 1500 alii,
589 1429 654 1481 tum
670 1420 819 1482 Pindarus
835 1421 921 1500 Pyth.
941 1422 989 1484 VI.
1009 1423 1039 1482 in
1056 1421 1117 1482 fine
1133 1421 1346 1502 stropharum:

350 1524 561 1618 Ἀπολλωνίᾳ
584 1525 784 1612 τετείχισται
807 1525 909 1619 νάπᾳ.

347 1737 469 1820 ῧ247.
510 1741 669 1820 Augentur
694 1739 864 1802 dochmiuci
889 1743 981 1802 etiam
1006 1741 1046 1802 ab
1068 1742 1167 1820 initio,
1197 1749 1228 1801 et
1252 1743 1348 1820 primo

261 1844 387 1924 quidem
404 1844 524 1906 iambis.
558 1831 660 1926 Atque
676 1863 758 1906 unus
774 1844 897 1906 iambus
913 1844 967 1908 ubi
984 1844 1140 1924 praecedit
1158 1843 1344 1924 dochmium,

260 1948 433 2011 cavendum
450 1968 489 2008 ne
505 1949 561 2008 hcc
579 1958 710 2010 metrum
727 1947 935 2010 confundatur
954 1968 1024 2010 cum
1041 1950 1168 2010 Creticis
1183 1949 1346 2010 anacrusin

260 2052 462 2132 habentibus,
488 2051 663 2131 dequibus
686 2052 802 2114 dictum
826 2049 932 2134 §205
966 2051 1125 2113 Eiusmodi
1146 2053 1256 2114 Cretici
1279 2060 1348 2112 sunt

259 2158 291 2216 in
307 2157 413 2238 Eurip.
433 2157 541 2237 Suppl.
563 2159 634 2217 829.
743 2206 745 2210 .
781 2180 782 2184 ¹

345 2272 430 2340 κάτα
452 2297 494 2357 με
516 2272 621 2340 πέδον
642 2277 704 2360 μοῖς
725 2269 807 2354 ἕλοι,

346 2375 405 2443 διὰ
428 2375 466 2443 δὲ
487 2373 616 2442 θύελλα
639 2376 778 2442 σπάσαι.

258 2503 433 2564 Dochmiaci
451 2523 523 2564 vem
538 2519 716 2580 praegresso
732 2500 835 2563 iambo
850 2501 893 2561 illi
909 2500 1044 2562 habendi
1061 2510 1143 2580 sunt,
1168 2503 1221 2580 qui
1232 2502 1346 2563 mediis

260 2608 409 2669 dochmiis
425 2610 465 2668 ita
482 2609 672 2683 inseruntur,
692 2615 728 2667 ut
742 2603 876 2665 dubitari
893 2604 932 2667 de
947 2624 1077 2688 numero
1093 2613 1244 2682 nequeat:
1265 2604 1347 2684 quod

259 2713 392 2770 maxime
409 2712 442 2772 fit
458 2708 594 2771 secunda
611 2711 672 2770 arsi
691 2707 854 2787 solvenda,
882 2727 962 2788 quae
984 2709 1181 2769 usitatissima
1198 2709 1230 2770 in
1247 2708 1346 2770 doch-

259 2815 327 2875 miis
343 2813 453 2874 solutio
469 2822 529 2872 est:
550 2814 629 2873 utin
646 2811 756 2874 Aesch.
778 2814 809 2873 S.
830 2810 869 2871 ad
886 2812 940 2871 Th.
964 2811 1034 2872 488.
1056 2813 1127 2872 598.

346 2924 386 2993 ἰώ
409 2921 553 3012 πρόμαχ’
580 2926 668 3010 ἐμῶν
690 2921 813 3011 δόμων,
836 2925 988 2992 voluerii?
1011 2928 1178 3010 άσςτοχεῖν

346 3024 448 3111 ἔχοντ’
472 3023 596 3120 άφιλον
619 3029 652 3096 ἐν
675 3027 770 3096 σάκει
791 3037 853 3096 τοῦ
873 3027 1014 3112 χθονίου
1038 3029 1150 3114 δέμας.

257 3157 316 3229 Qui
332 3175 442 3218 versus
458 3174 495 3216 ex
513 3155 616 3216 iambo
632 3165 663 3216 et
678 3153 802 3217 duobus
819 3154 967 3216 dochmiis
982 3165 1132 3216 coustant.
1166 3155 1341 3232 Dochmius,

258 3263 312 3341 qui
324 3260 462 3322 succedit
472 3259 584 3339 iambo,
600 3260 762 3321 arraerusin
776 3259 854 3320 solet
869 3258 995 3318 brevem
1009 3258 1134 3337 hahere,
1152 3270 1185 3321 ut
1196 3279 1344 3321 numerus

257 3364 326 3424 talis
342 3384 410 3425 esse
428 3363 587 3426 videatur:
791 3355 797 3372 '

343 3477 439 3530 ULx)-
453 3482 457 3570 ι
470 3483 493 3530 .'.
507 3483 511 3570 l
524 3483 573 3530 υ.’

343 3689 458 3772 ξ248.
493 3663 591 3770 Saepe
608 3691 785 3754 dochmium
801 3692 863 3754 duc
879 3690 1066 3753 antecedunt
1082 3691 1184 3772 iambi,
1210 3693 1263 3772 qui
1280 3710 1343 3752 nu—

256 3815 341 3857 mero
356 3797 501 3857 disiuncti
518 3806 623 3858 sunta
640 3795 795 3875 dochmic,
823 3806 858 3857 ut
878 3817 917 3856 ex
941 3797 1063 3876 ancipiti
1088 3797 1230 3858 anacrusi
1245 3794 1343 3856 doeh-

256 3902 386 3962 miorum
405 3899 599 3979 intelligitur:

340 4015 437 4066 ὖέυ..
452 4013 517 4104 Ιῦέ.
531 4018 535 4102 Ι
549 4018 572 4066 L
586 4018 589 4104 J
603 4019 652 4065 ιμ’

254 4138 363 4203 Aesch.
383 4138 489 4220 Agam.
512 4141 604 4202 trac.

342 4245 382 4314 tc>
405 4245 625 4335 Σκαμάνδρου
649 4245 792 4338 πάτριον
814 4243 929 4318 ποτόν.
