2930 4962
253 369 271 408 X
712 372 879 414 vultfario.

251 517 340 586 Haeo
359 521 550 604 perversitas
570 526 714 604 quattuor
734 520 872 586 maxime
893 521 995 586 medis
1015 521 1175 587 obscurari
1197 521 1248 586 vel
1268 519 1338 586 tolli

255 626 359 710 petius
374 634 488 711 petest.
602 667 606 674 ·

283 723 285 739 ¹
336 735 443 801 Primo
468 736 497 802 si
522 736 656 820 primam
676 736 841 820 anapaesti
862 737 1017 821 syllabam
1044 736 1119 802 feeit
1140 758 1203 802 vox
1225 758 1336 804 meno-

252 843 377 926 syllaba
405 843 546 910 itanum
572 844 774 928 sequentibus
800 843 989 924 cohaerens,
1021 850 1056 910 ut
1080 865 1144 910 nen
1169 844 1270 929 possit
1294 845 1338 911 ad

252 951 476 1033 praecedentia
489 950 583 1017 trabi.
615 951 737 1017 Eeeles.
760 955 831 1016 104.
857 951 1089 1017 Acharneus,

338 1101 408 1170 νυνὶ
431 1099 471 1185 δ,
496 1101 586 1192 δρᾷς,
610 1099 751 1190 πράττει
772 1100 814 1169 τὰ
835 1097 960 1192 μέγιστ’
984 1103 1017 1172 ἐν
1039 1109 1079 1194 τῇ
1100 1102 1210 1172 πόλει.

338 1207 369 1276 εἰ
391 1209 524 1294 νιτωχδς
545 1203 601 1292 α’ἷν,
626 1205 729 1279 ἔπειτ’
743 1209 787 1276 ἐν
809 1206 1006 1300 Ἀθηναίοις
1027 1209 1140 1300 λέγειν.

252 1367 307 1434 Sie
321 1367 405 1434 enim
421 1369 544 1454 syllaba
559 1368 621 1434 ista
635 1390 755 1435 moram
770 1389 895 1436 omnem
909 1369 1129 1454 adspernatur,
1153 1377 1184 1438 et
1198 1390 1273 1455 pars
1289 1377 1339 1438 est

252 1495 442 1552 anaeruseos
457 1476 499 1542 ad
514 1483 696 1560 sequentem
710 1477 796 1542 arsin
812 1477 1014 1562 pertinentis:

339 1626 386 1678 Ul.
405 1630 408 1715 l
424 1629 595 1681 wLQLu-

251 1785 368 1851 Contra
387 1806 504 1870 pravus
519 1793 568 1852 est
582 1807 708 1868 versus,
734 1788 761 1854 si
781 1809 820 1854 ea
833 1809 896 1856 vex
916 1809 986 1854 enm
1008 1788 1267 1874 praesedentibus
1283 1811 1338 1856 ee-

251 1891 369 1971 haeret,
387 1900 422 1958 ut
435 1894 469 1958 in
484 1895 551 1975 ille,
569 1895 653 1979 quod
667 1897 844 1964 Brunekius
860 1896 948 1962 dedit
961 1896 995 1962 in
1010 1896 1149 1962 Aeharn.
1167 1899 1241 1962 748.

337 2043 399 2133 ἐγώ
423 2045 461 2113 δὲ
483 2048 613 2135 καρυξῶ
635 2073 677 2135 γα
698 2041 935 2130 Δικαιόπολιν,
960 2045 1039 2114 ὅσα.

308 2285 312 2292 .
338 2221 482 2290 Secunde
502 2222 581 2288 nihil
607 2209 790 2290 offensionis
816 2224 911 2290 habet
936 2223 1048 2292 ineisie
1072 2223 1105 2290 in
1131 2225 1187 2290 illa
1212 2226 1338 2309 syllaba

251 2327 347 2408 faeta,
363 2328 390 2394 si
404 2330 512 2412 gravis
528 2351 659 2398 eaesura
673 2339 747 2396 ante
761 2331 885 2398 tertiam
901 2331 985 2398 arsin
1002 2331 1047 2396 fit.
1073 2332 1122 2397 lta
1137 2332 1221 2396 enirn
1236 2353 1338 2399 novus

208 2496 212 2505 .
250 2436 285 2500 in
304 2437 398 2502 tertia
416 2437 481 2502 arsi
500 2437 656 2524 incipiens
676 2457 823 2504 numerus
843 2444 929 2504 arete
948 2437 1097 2522 coniungi
1116 2459 1226 2518 voees,
1255 2459 1338 2524 quae

252 2544 371 2610 suntin
387 2551 498 2628 quarto
512 2546 605 2631 pede,
623 2546 777 2632 postulat:

337 2697 362 2746 ῡ
379 2699 383 2786 4
400 2698 594 2750 Low-UA!-

253 2854 306 2920 Sie
321 2855 355 2920 in
369 2855 547 2942 Lysistrata
567 2877 598 2923 v,
617 2859 690 2920 768.
710 2855 743 2919 in
758 2855 878 2921 Avibus
901 2877 932 2921 v.
951 2861 1023 2920 441.
1041 2856 1075 2920 in
1090 2855 1190 2922 Ranis
1209 2877 1240 2920 v.
1259 2861 1335 2922 652.

252 2963 326 3028 658.

337 3109 382 3201 μὴ
404 3103 652 3194 στασιάσωμεν·
677 3107 747 3177 ἔστι
771 3105 800 3175 δ
824 3105 843 3174 δ
864 3107 1007 3198 χρησμὸς
1029 3105 1155 3176 οδτσσί.
1224 3101 1233 3120 ’

338 3214 356 3285 δ
379 3216 638 3305 μαχαιροποιός,
662 3215 745 3306 μήτε
768 3216 897 3282 δάκνειν
919 3213 1057 3294 τούτοις
1080 3213 1147 3300 ἐμέ.

335 3319 526 3414 ‘dampnans
548 3323 645 3413 ἱερός.
670 3327 768 3412 δεῦρο
792 3321 895 3389 πάλιν
916 3322 1102 3408 βαδιστέον.

338 3431 373 3500 τί
392 3432 430 3502 τὸ
454 3439 591 3522 πρᾶγμα
614 3429 728 3514 σοιτίς
749 3433 847 3518 δεῦρο
870 3428 974 3497 σοι’λιν
994 3431 1180 3517 βαδιστέον.

252 3590 344 3669 Quod
364 3611 455 3656 seeus
470 3597 535 3670 est,
560 3591 646 3656 nulla
660 3589 840 3656 huiusmodi
855 3608 986 3655 caesura
1000 3567 1225 3672 praecedente,
1250 3597 1285 3656 ut
1304 3592 1337 3655 in

252 3698 350 3765 Raris
371 3721 402 3763 v.
426 3703 518 3762 1307.

243 3869 253 3886 ·
337 3847 423 3937 πρὸς
444 3847 546 3940 ἥνπερ
570 3846 745 3940 ἐπιτήδεια
767 3846 840 3918 τάδ’
865 3845 930 3920 ἔστ’
954 3842 1048 3940 ᾄδειν
1069 3847 1161 3938 μέλη.

252 4008 312 4074 Vbi
328 4013 450 4073 veteres
465 4007 537 4072 libri
553 4007 684 4074 rectius:

339 4158 424 4251 πρὸς
445 4157 547 4250 ἥνπερ
571 4157 773 4256 ε’σιιιτήδεια
794 4155 886 4230 ταῦτ’
911 4153 1004 4255 ᾅδειν
1025 4159 1118 4254 μέλη.
1226 4244 1231 4252 ¹
