2930 4962
212 369 250 410 us
266 368 506 414 CONTINVATIONB
522 369 631 414 1(le
646 367 803 412 nocuum
818 368 891 412 trun
907 334 1055 413 homilis.
1138 351 1175 412 61

86 453 119 600 b,
140 521 195 582 ts.
215 539 305 602 seqq.
336 524 414 584 Tum
430 523 532 603 etiam,
552 523 607 584 ubi
622 523 813 588 enumeratio
829 523 862 584 lit
877 521 1045 586 multamm
1060 540 1175 599 rerum,

90 625 137 686 vel
152 624 217 686 alia
233 623 397 707 descriptio
412 628 567 707 inseritur,
586 627 668 689 utin
683 627 772 706 Capt.
791 626 839 688 lV.
861 627 889 706 4,
910 631 938 688 4.
958 643 1045 706 seqq.
1077 623 1175 687 Andr.

88 729 109 788 l.
128 729 160 808 5,
190 729 245 792 25.
265 745 352 808 seqq.
385 728 516 812 Adelph.
535 730 584 792 lll.
604 731 634 810 i,
661 730 690 791 4.
709 746 796 809 seqq.
829 728 928 810 Saepe
950 729 1043 791 etiam
1064 729 1097 792 in
1118 730 1180 791 line

86 849 218 910 scenae,
237 840 326 913 capto
340 831 443 912 aliquo
458 832 597 912 consilio,
622 841 658 896 ut
672 832 706 892 in
719 829 817 894 Andr.
836 832 859 893 l.
879 834 909 892 5.
934 832 982 894 lV.
1005 834 1032 894 4.
1066 833 1175 896 Heaut.

86 935 120 998 V.
141 937 196 1013 4.,
223 935 274 996 vel
294 935 328 998 in
346 935 446 1015 initio,
472 937 662 998 increscente
684 945 740 998 aut
760 933 956 998 decrescente
970 935 1064 996 animi
1080 946 1175 1016 motu,

85 1049 121 1100 ut
147 1038 233 1101 Eun.
253 1039 289 1100 V.
310 1041 339 1100 8.
376 1036 506 1121 Adelph.
525 1038 575 1100 lll.
595 1043 625 1100 4.
661 1039 733 1100 llec.
752 1039 799 1100 lV.
820 1041 849 1100 3.
890 1037 1028 1120 Denique
1054 1040 1179 1120 saepius

86 1140 200 1203 eodem
215 1141 249 1201 in
264 1140 329 1202 loco
344 1150 504 1205 mutantur
517 1141 656 1221 numeri,
679 1140 734 1205 uhi
749 1142 844 1206 variis
859 1140 993 1206 motibus
1008 1141 1040 1203 in
1056 1140 1178 1204 diversa

87 1245 259 1307 trahuntur
273 1245 377 1307 animi.

86 1485 93 1504 “
172 1474 294 1560 5186.
328 1476 390 1540 Sed
409 1477 486 1540 haec
507 1479 634 1540 mutatio
648 1495 848 1542 numerorum
870 1479 911 1541 ita
927 1477 989 1540 lere
1006 1477 1071 1540 lieri
1088 1478 1174 1559 solet,

96 1593 128 1642 nt
139 1582 319 1663 perpetuari
339 1598 489 1643 numerus
509 1580 661 1644 videatur.
693 1581 782 1644 Vnde
797 1565 952 1644 bentleius
967 1579 1007 1642 ad
1021 1580 1118 1644 Andr.
1138 1583 1174 1642 ll.

97 1687 123 1764 4,
141 1687 169 1747 7.
197 1687 279 1746 Ειιιι.
300 1685 335 1744 ll.
356 1685 384 1762 4,
406 1685 454 1745 tn.
484 1683 616 1764 Adelph.
636 1685 671 1745 ll.
693 1684 721 1763 4,
743 1685 792 1746 tt.
810 1683 984 1764 contendit,
1010 1685 1178 1747 trochaicus

94 1789 259 1852 octonarios
281 1805 442 1868 sempera
464 1787 621 1876 trochaicis
644 1784 802 1864 versibus,
827 1788 1015 1868 septenarios
1037 1787 1078 1851 ah
1093 1789 1177 1849 iam-

94 1890 169 1953 bicis
194 1891 302 1972 excipi.
343 1890 466 1952 Rectius
492 1887 593 1968 dieas,
626 1890 680 1969 qui
710 1907 818 1952 versus
845 1891 1048 1970 perpetuitate
1074 1889 1176 1970 aliqua

99 1995 287 2072 cohaereant,
314 2011 421 2054 eorum
443 1992 523 2054 hanc
543 1992 661 2055 debere·
682 1994 830 2056 rationem
846 2011 932 2074 esse,
959 2002 994 2055 nt
1008 1993 1087 2055 thesi
1107 2003 1176 2054 ter-

102 2096 242 2157 minatum
263 2113 391 2157 versum
413 2115 524 2159 versus
547 2095 733 2176 trochaicus,
764 2097 826 2159 arsi
853 2106 956 2158 autem
979 2098 1175 2159 terminatum

100 2197 240 2262 iambicus
255 2208 415 2280 sequatur.

172 2433 198 2515 ᾗ
215 2429 292 2498 187.
326 2433 515 2512 Perpetuitas
531 2442 634 2494 autem
649 2431 700 2495 illa
717 2433 815 2494 rarius
831 2431 916 2513 apud
931 2432 1052 2494 Latinos
1072 2431 1104 2494 fit
1119 2449 1176 2514 per

89 2530 289 2624 corriperer,
311 2536 331 2596 i.
350 2553 377 2596 e.
397 2545 432 2596 nt
451 2534 635 2598 excludatur
649 2536 768 2617 syllaba
789 2554 903 2615 anceps
925 2537 957 2597 in
973 2536 1034 2596 tine
1050 2553 1170 2615 versus,

89 2641 331 2718 admittaturque
347 2649 378 2714 et
392 2639 502 2701 solutio
517 2638 653 2719 ultimae,
677 2649 709 2702 et
722 2657 795 2721 pars
810 2638 898 2701 verbi
913 2639 1055 2719 sequenti
1069 2639 1174 2700 versui

91 2743 258 2806 adiicietur.
284 2742 375 2816 Quod
389 2742 443 2804 nbi
459 2743 525 2804 sine
541 2741 664 2804 elisione
681 2744 724 2822 fit,
743 2759 854 2806 versus
868 2751 1040 2805 nascuntur
1053 2743 1173 2824 hyper-

92 2849 191 2929 metri,
219 2845 327 2926 quales
349 2845 504 2908 bentleius
525 2843 567 2906 ad
585 2845 665 2908 Eun.
684 2847 733 2908 tv.
755 2847 783 2907 4.
804 2847 854 2909 44.
880 2847 913 2908 in
935 2845 1107 2927 trochaicis,
1133 2844 1174 2907 ad

89 2952 195 3014 Heaut.
216 2949 265 3010 lll.
286 2951 316 3028 3,
338 2950 387 3008 43.
406 2957 520 3029 antem,
539 2957 571 3010 et
584 2950 673 3011 tacite
688 2946 729 3013 ad
744 2949 864 3011 Phorm.
879 2951 902 3010 l.
924 2953 952 3030 4,
974 2953 1024 3012 tc.
1042 2951 1074 3010 in
1090 2949 1174 3011 iarn·-

86 3054 161 3117 hicis
177 3052 316 3117 numeris
330 3051 462 3113 inveniri
478 3060 576 3133 negat.
596 3053 703 3134 llecte,
726 3051 810 3134 quod
825 3052 866 3116 ad
880 3053 1047 3116 trochaicos
1062 3071 1173 3115 versus

87 3160 209 3235 attinet;
236 3175 299 3217 ιιοιι
315 3163 412 3235 recte,
437 3153 523 3235 qnod
537 3155 578 3217 ad
592 3154 748 3219 iambicos.
781 3157 857 3218 Nam
873 3174 971 3237 quum
986 3165 1017 3218 et
1031 3155 1173 3218 trochaici

86 3272 115 3323 et
136 3259 262 3324 iambici
285 3276 394 3321 versus
414 3277 580 3322 nnmerum
594 3259 729 3322 habeant
751 3259 905 3339 eundem,
931 3261 985 3340 qui
1001 3259 1172 3321 trochaicus

87 3375 147 3444 est,
168 3380 303 3442 eumque
318 3360 511 3424 incedentem
526 3381 583 3444 per
597 3361 719 3426 ordines
733 3361 905 3446 periodicas
920 3359 1076 3451 duplices,
1101 3363 1121 3423 i.
1141 3382 1168 3423 e.

88 3486 141 3546 per
158 3463 299 3547 dipodias
314 3466 489 3546 trochaicas,
505 3466 639 3528 violatur
652 3465 728 3529 haec
743 3464 902 3544 dimensio,
919 3464 974 3526 ubi
989 3463 1029 3527 ad
1047 3483 1171 3527 versum

89 3569 274 3634 trochaicum
289 3567 431 3631 adiicitur
445 3566 579 3648 syllaba:

174 3675 323 3765 έυιυΙ-

89 3812 150 3858 non
165 3763 307 3875 biolatur,
326 3791 381 3856 nbi
396 3792 438 3856 ad
452 3791 633 3858 iambicum:

173 3903 326 3992 va-'u

91 4021 161 4099 qnia
175 4020 225 4082 hic
240 4035 390 4080 numerus
405 4016 450 4082 sic
464 4017 638 4082 metiendus
653 4027 717 4084 est:

175 4147 200 4178 υ
212 4131 217 4217 Ι
230 4135 327 4178 Δια-υ

93 4239 264 4325 Pariterque
287 4243 378 4304 etiam
400 4260 534 4323 sequens
560 4263 667 4308 versus
683 4248 821 4327 vitiatur,
848 4247 945 4328 prima
968 4249 1034 4311 eius
1050 4249 1169 4331 syllaba
