2896 4960
271 305 311 367 86
675 321 731 364 nm,
754 321 785 364 rr.
805 321 876 366 ,cra
897 321 973 386 xxi„

356 474 380 556 ἐ
395 472 473 540 253.
500 476 658 550 Invenitur
672 476 765 538 etiam
777 474 1018 556 amphibrachus
1031 473 1128 536 media
1148 475 1251 565 soluta
1263 473 1351 538 doch-

272 581 331 641 mio
347 580 555 660 praemissus:

357 693 534 745 v-'v'UL
574 696 670 902 LluL

282 847 286 854 ·
409 833 457 865 ΚΛ,
498 832 549 864 ΚΝ
558 833 611 865 &JV

272 939 381 1002 Aesch.
401 940 482 1001 Pers.
502 941 576 1000 aot.
597 939 668 1000 275.

355 1052 398 1121 τὰ
420 1051 530 1122 πολέα
550 1052 651 1139 βίλεα
673 1059 839 1143 παμμιγῆ.

357 1154 498 1226 ἁλίδονα
520 1157 659 1242 σώματα
682 1159 875 1248 πολυβαφῆ.
996 1207 999 1216 .

271 1284 347 1346 Vide
362 1284 401 1346 de
417 1284 466 1344 his
480 1283 626 1346 versibus
641 1280 659 1365 ᾗ
676 1282 716 1345 27
721 1285 748 1344 l.

357 1487 472 1572 ΗΜ.
508 1493 665 1572 Frequens
687 1491 946 1572 estditrochaeus
960 1513 1031 1556 oum
1047 1497 1192 1558 anacrusi
1209 1495 1354 1576 praemis

272 1615 327 1656 sus
343 1594 497 1658 dochmio:

357 1699 479 1752 talu-U
509 1701 557 1752 GL
588 1705 611 1752 .'.
642 1705 691 1752 vL

271 1818 355 1899 quod
386 1702 496 1900 genus¹
513 1703 708 1882 dlolnadium
737 1828 827 1882 vocat
856 1799 970 1884 Plotius
998 1840 1067 1902 pag.
1099 1823 1197 1884 2643.
1251 1819 1351 1883 Aesch.

271 1925 367 1984 Prom.
389 1925 461 1984 582.

280 2083 284 2088 -
342 2034 565 2128 ὀἰστρηλάτῳ
590 2038 628 2108 δὲ
650 2035 785 2125 δείματι
808 2038 970 2108 δειλαίαν.

174 2173 179 2184 ·
271 2165 454 2243 Plerumque
470 2163 663 2226 ditrochaeus
679 2166 747 2245 iste,
763 2167 829 2228 sive
844 2166 930 2228 colon
945 2165 1112 2227 iambicum
1129 2168 1236 2230 dicere
1253 2165 1351 2240 mavis,

272 2269 361 2350 longa
377 2267 498 2347 syllaba
513 2268 635 2330 finitur:
658 2278 694 2330 ut
709 2270 741 2330 in
756 2267 863 2349 Agam.
884 2270 957 2330 alo.

356 2379 417 2475 βίᾳ
438 2383 582 2467 χαλινῶν
602 2376 630 2450 τ’
654 2371 789 2472 ἆναύδῳ
811 2382 913 2469 μένει.

272 2514 407 2576 Caesura
423 2529 517 2592 quam
533 2529 568 2572 ea
584 2511 615 2570 in
631 2509 751 2590 syllaba
767 2510 832 2572 fieri
847 2528 905 2591 par
918 2519 975 2590 est,
994 2487 1078 2574 haud
1094 2531 1162 2574 raro
1178 2510 1350 2591 negligitur:

270 2614 379 2678 Aesch.
400 2611 455 2694 Ag.
477 2611 548 2675 370.
623 2685 626 2693 Δ
1048 2613 1058 2624 ““

357 2727 462 2808 θεοδς
482 2733 612 2819 βροτῶν
635 2724 820 2810 ἀξιοῦσθαι
841 2716 965 2815 μέλειν.

355 2942 379 3023 ξ
390 2939 468 3006 255.
495 2943 589 3020 Sequi
601 2940 778 3022 dochmium
788 2939 980 3005 ditrochaeus
993 2943 1116 3006 videtur
1123 2943 1209 3024 apud
1218 2941 1351 3019 Aeschy·

269 3049 334 3110 lum
349 3044 456 3126 Agam.
475 3045 567 3106 ⁴⁴32.
755 3098 758 3104 .
817 3097 819 3101 ,
1019 3075 1020 3080 1

356 3149 526 3236 ξυνανύτει
547 3146 624 3238 βίον
649 3147 767 3230 δύντος
789 3149 916 3239 αὐγαῖς.

355 3361 471 3448 5256.
509 3362 620 3426 Multae
641 3373 799 3442 praeterea
821 3365 897 3428 aliae
920 3366 1123 3429 inveniuntur
1146 3366 1350 3430 dochmiorun

269 3491 339 3534 cum
361 3469 539 3549 antispastis
563 3467 692 3548 aliisque
715 3469 853 3531 numeris
875 3470 1129 3550 consociationes,
1162 3480 1199 3534 ut
1220 3465 1350 3533 dochmio

268 3573 370 3636 medio
385 3575 466 3634 inter
477 3573 683 3654 antispastum
695 3581 726 3634 et
740 3571 922 3653 diiambum,
938 3573 1023 3654 apud
1035 3571 1144 3637 Aesch.
1155 3574 1291 3656 Ghoeph.
1302 3569 1345 3629 il.

355 3675 398 3749 δι’
423 3676 598 3759 atavos&
626 3677 775 3770 ἰυγμοῖσι
793 3679 952 3767 βόσκεται
975 3679 1063 3771 κέαρ.

330 3920 333 3928 ·
354 3893 377 3974 ξ
392 3890 470 3958 257.
504 3893 659 3955 Bacchiaoi
678 3896 814 3975 numeri,
841 3896 894 3974 qui
910 3893 1066 3958 interdum
1081 3897 1242 3959 consociali
1257 3888 1347 3955 doch-

268 4000 337 4062 miis
364 3999 579 4079 reperiuntur,
610 4016 711 4084 quum
737 3995 872 4059 indolem
898 3998 989 4078 plane
1015 3999 1106 4060 aliam
1133 4008 1165 4060 et
1190 4017 1251 4060 non
1276 4009 1346 4054 oon-

268 4113 428 4185 gruentem
445 4122 516 4165 cum
532 4098 682 4164 dochmiis
698 4101 812 4162 habere
827 4101 1010 4186 videantur,
1037 4101 1222 4165 dochmiacis
1237 4101 1346 4181 hyper-

269 4208 422 4270 catalectis
437 4207 634 4272 adnumerari
648 4214 794 4287 praestat.
821 4203 865 4268 Ac
881 4225 973 4288 saepe
989 4205 1051 4270 duo
1066 4205 1245 4272 huiusmodi
1256 4197 1345 4266 dooh·
