2896 4960
511 401 548 442 nr
564 399 696 442 ransrrrs
711 397 880 442 tricornis.
1181 379 1242 441 167

148 554 310 634 Philyllius
339 555 370 615 in
399 551 487 634 Auge
517 553 602 634 apud
629 551 822 616 Athenaeum
845 554 895 614 XI.
929 572 960 632 p.
983 552 1053 613 485.
1088 553 1131 627 B„
1155 550 1240 633 apud

149 657 386 720 Meinekiumll.
407 659 436 720 2.
456 677 487 739 p.
505 659 577 720 858.
634 653 644 668 “

402 787 513 857 πάντα
536 787 656 882 γὰρῆν

238 891 332 978 μέστ’
354 890 483 983 ἀνδρῶν
504 891 563 961 καὶ
581 891 774 981 μειρακίων,

239 995 420 1080 πινόντων,
441 994 529 1082 ὁμσῦ
551 995 590 1066 δὲ
611 998 720 1066 λάλων

237 1099 388 1192 γρᾳδίων
410 1098 609 1190 μεγάλαισιν
630 1096 687 1168 o’t‘-

281 1227 339 1273 νου
358 1203 518 1301 taiperto
539 1205 737 1286 λεπασταῖς.

150 1353 203 1415 Sic
217 1352 294 1414 haee
308 1347 484 1412 scribenda.

237 1589 350 1674 5462.
374 1592 513 1673 Denique
525 1609 634 1653 rursus
647 1592 705 1654 alie
717 1592 796 1654 iacta
808 1600 855 1653 est
867 1596 1073 1674 transpositio,
1089 1595 1144 1657 sed
1156 1573 1234 1676 raro,

150 1708 191 1778 et,
211 1705 248 1760 ut
262 1695 397 1775 videtur,
416 1713 478 1758 non
493 1695 552 1756 nisi
567 1695 599 1757 in
614 1697 790 1776 compositis
806 1695 996 1776 quibusdam
1012 1699 1135 1778 formis,
1160 1702 1240 1763 eho·
1260 1695 1261 1698 '

149 1801 269 1864 riambo
290 1800 477 1882 prinoipium
492 1807 676 1881 oroupante,
703 1799 772 1861 basi
794 1808 898 1863 autem
919 1802 1122 1884 trochaeoque
1138 1804 1170 1865 in
1186 1805 1255 1890 di-¹

149 1905 275 1990 podiam
290 1905 452 1967 iambicam
468 1904 594 1966 mutatis
605 1925 628 1964 ι,

237 2025 334 2073 Lw.
350 2021 355 2110 Ι
372 2020 470 2072 Oto.

237 2165 317 2228 quae
332 2146 429 2208 fornia
444 2153 493 2206 est
506 2163 617 2208 versus
633 2145 828 2208 choriambici
843 2146 975 2210 dimetri.

236 2388 260 2472 ᾗ
274 2386 353 2455 463.
380 2390 493 2452 Versus
506 2389 732 2469 Pherecratens,
752 2392 782 2451 in
798 2409 861 2470 quo
876 2389 980 2452 nullus
996 2399 1065 2471 post
1080 2391 1236 2452 choriam-

149 2496 226 2559 bum
242 2494 365 2556 iambus
385 2503 449 2574 est,
476 2493 529 2573 qni
546 2495 705 2573 transponi
720 2495 833 2575 possit,
858 2512 920 2555 non
942 2495 1000 2555 nisi
1024 2492 1103 2558 duas
1125 2494 1237 2556 [ornias

149 2597 300 2662 admittit:
932 2591 937 2602 '

249 2717 268 2772 .'.
306 2718 326 2770 .'.
349 2716 492 2804 [ΔΝ-υ

149 2833 182 2885 et

236 2925 332 2971 Lux)-
347 2922 351 3010 Ι
365 2925 441 2971 vij

148 3049 288 3121 Quarum
304 3047 453 3126 posterior
473 3065 540 3109 rara
562 3057 625 3126 est,
651 3057 681 3109 et
704 3047 767 3108 iere
784 3057 904 3110 tantum
924 3047 955 3108 in
971 3049 1146 3128 compositis
1162 3051 1238 3130 qui·

149 3150 285 3224 busdam
302 3151 446 3213 versibus
463 3151 584 3214 usitata.

236 3389 352 3473 5464.
387 3395 511 3455 Dicatur
535 3392 689 3475 primodo
712 3395 936 3476 permutatione
957 3393 1136 3454 formarum.
1177 3391 1238 3455 Ate

149 3515 212 3577 que
233 3498 388 3578 primitiva
405 3498 628 3575 Glyconeorum
649 3495 763 3576 forme,
788 3516 868 3578 quae
890 3495 993 3557 iambo
1009 3496 1129 3574 finitur,
1153 3497 1238 3578 apud

149 3602 303 3678 scenicos,
337 3610 417 3661 oerte
447 3601 479 3661 in
501 3602 668 3662 recentiore
690 3599 863 3682 tragoedia,
896 3601 988 3662 etiam
1011 3599 1183 3681 spondeum
1207 3602 1238 3662 in

150 3704 210 3764 fine
226 3706 343 3784 recipit,
362 3705 403 3766 ita
419 3713 454 3766 ut
469 3703 625 3784 spondeus
641 3703 742 3766 iambo
758 3705 791 3766 in
806 3703 1034 3785 antistrophiois
1050 3702 1238 3784 respondere

149 3808 261 3888 possit:

247 3928 267 3980 .'.
304 3928 324 3979 ,ζ
349 3924 462 4010 Ιέυυ.
476 3924 481 4010 Ι
495 3921 543 3972 0:

149 4047 313 4131 Euripides
330 4049 449 4130 Hippol.
470 4049 541 4110 rit.
562 4051 634 4112 75⁴:

235 4180 297 4262 τὰς
315 4182 554 4272 ἡλακσρσφαεῖς
575 4177 686 4271 αὐγάς.

236 4283 331 4370 χθὼν
351 4278 568 4370 εὐδαιμονίαν
588 4289 697 4370 θεοῖς,
