2922 4948
249 363 311 424 2l8
643 382 699 423 tur.
721 381 764 422 ru.
791 381 852 423 mr.
872 381 941 423 rvn.

251 541 332 598 rnine
347 547 451 599 autem
467 555 547 614 quae
563 536 720 616 caprarius
737 536 819 596 oanit
833 555 850 596 a
866 557 897 597 v.
917 539 947 596 6.
965 537 1065 616 primo
1086 544 1231 614 quattuor
1251 545 1336 598 stro-

249 643 319 724 phis
335 662 374 703 ox
389 640 512 704 duobus
528 639 669 700 versibus
690 637 876 720 procedunt;
903 638 1016 702 deinde
1038 649 1213 720 sequuntur
1229 640 1335 702 decem

250 747 393 825 strophae
413 766 452 806 ex
472 744 571 807 tribus
594 743 748 806 versibus.
786 746 862 806 Nam
886 763 994 807 versus
1016 745 1068 808 at.
1087 753 1173 808 extra
1196 764 1333 825 carmen,

250 871 346 932 pausa
363 849 492 912 canendi
508 847 596 928 laeta,
617 849 771 912 renitatur.

335 1038 451 1122 5597.
483 1041 676 1114 Quartum
696 1058 825 1120 genus
847 1041 1103 1121 stropharum
1121 1038 1197 1101 illud
1212 1051 1337 1121 est'quo

248 1146 469 1228 perfectissima
485 1145 585 1224 poesis
600 1145 695 1224 lyrica
713 1152 744 1205 et
759 1141 914 1222 tragoedia
934 1144 974 1205 ad
991 1145 1146 1224 graviores
1162 1144 1337 1206 vehemen-

249 1253 402 1331 tioresque
419 1250 512 1312 animi
528 1257 629 1311 motus
645 1247 863 1330 exprimendos
879 1266 935 1309 usa
951 1256 1007 1309 est.
1042 1245 1075 1308 ld
1096 1266 1241 1308 numeros
1257 1267 1336 1327 par-

247 1357 302 1416 tim
319 1353 491 1434 granditate
507 1371 630 1414 severos
641 1362 673 1414 et
687 1353 874 1432 magnifrem,
891 1353 1002 1433 partim
1017 1351 1165 1412 varietate
1181 1351 1337 1431 inaequa-

249 1458 326 1518 biles
341 1465 373 1517 et
386 1454 511 1535 rapidos
533 1454 641 1518 habet:
667 1455 838 1518 cuiusmodi
855 1456 998 1536 strophae
1014 1455 1053 1516 ob
1068 1453 1194 1517 easdem
1210 1473 1337 1518 caussas

247 1564 332 1642 ipsae
358 1579 482 1641 quoque
504 1561 687 1640 plerumque
714 1560 863 1640 longiores
886 1567 968 1622 sunt.
1007 1559 1149 1620 Cernitur
1175 1567 1280 1622 autem
1306 1572 1337 1624 et

248 1663 404 1746 granditas
419 1673 450 1726 et
462 1664 596 1725 varietas
609 1671 675 1726 tum
691 1665 722 1724 in
738 1672 848 1726 natura
863 1682 1078 1725 numerorum:
1098 1683 1170 1724 nam
1186 1671 1242 1725 aut
1256 1664 1336 1726 tardi

248 1770 409 1849 severique
426 1777 514 1848 sunt,
540 1776 593 1832 aut
608 1769 746 1830 concitati
763 1776 793 1829 et
808 1768 940 1844 alaores;
967 1775 1034 1828 tum
1049 1767 1081 1826 in
1096 1769 1335 1846 comparationi-

248 1873 307 1934 bus
323 1891 449 1933 oorum:
475 1892 546 1933 narn
562 1881 616 1933 aut
631 1871 753 1951 aequali
767 1872 961 1952 proportione
978 1870 1069 1933 divisi
1085 1855 1171 1950 sunt*
1188 1882 1243 1934 aut
1258 1872 1335 1934 hre-

251 1977 297 2038 via
314 1976 452 2038 membra
471 1977 565 2056 longis
582 1976 758 2038 miscentur.

332 2187 355 2268 ξ
370 2182 448 2250 598.
475 2187 625 2259 Quoniam
641 2186 793 2266 longiores
805 2203 873 2245 esse
885 2183 943 2245 hae
959 2183 1102 2264 strophae
1115 2183 1225 2263 solent,
1243 2187 1333 2246 etiam

245 2301 348 2372 partes
365 2309 471 2352 earum
487 2288 550 2350 lere
566 2291 715 2368 longiores
731 2299 819 2368 sunt,
846 2297 877 2348 et
898 2308 957 2348 non
974 2296 1036 2348 tam
1053 2288 1211 2368 versibus,
1240 2308 1332 2369 quam

246 2395 422 2475 systematis
440 2395 538 2456 varios
554 2411 699 2454 numeros
714 2375 902 2454 habentibus
919 2400 1069 2454 constant.

332 2599 456 2684 §599
494 2603 642 2682 Strophae
670 2603 806 2663 numeris
828 2620 953 2681 graves,
984 2600 1208 2682 comparatione
1232 2621 1334 2662 mem-

247 2707 372 2768 brorum
389 2706 579 2786 aequabiles
595 2707 658 2767 lere
675 2725 713 2766 ex
729 2706 858 2784 epitritis
873 2713 1024 2784 constant,
1041 2701 1189 2784 dactylico
1205 2725 1334 2766 numero

247 2813 434 2891 temperatis,
454 2819 484 2871 et
499 2811 626 2890 Cretico,
648 2809 792 2871 admissis
808 2811 898 2870 etiam
915 2809 1104 2889 quibusdam
1121 2809 1331 2872 troohaeorum

246 2915 481 2994 iamborumque
502 2923 533 2976 et
553 2915 757 2996 antispastiois
778 2915 900 2994 formis,
927 2921 993 2975 tum
1009 2914 1100 2974 etiam
1122 2914 1264 2976 trochaeo
1280 2935 1333 2976 se-

246 3029 360 3080 manto.
388 3019 581 3079 Harmoniam
597 3018 655 3079 hae
671 3019 813 3096 strophae
827 3017 1006 3080 hahuerunt
1020 3018 1212 3078 Doricam.
1246 3018 1332 3080 Vnde

245 3123 411 3184 Doricos
431 3123 621 3202 strophas
644 3141 799 3184 vocamus.
833 3122 920 3183 Pind.
940 3122 1025 3202 Pyth.
1046 3122 1068 3182 l.

330 3237 452 3326 χρυσέα
476 3235 542 3330 φόρ
559 3279 575 3288 -
589 3239 677 3328 μιγξ,
700 3236 872 3305 Ἀπόλλω-

375 3367 432 3421 νος
452 3344 511 3410 καὶ
536 3338 755 3428 ἰοπλοκάμων

333 3445 486 3514 σύνδικον
508 3451 584 3514 Μοι
600 3487 615 3496 -
633 3453 696 3514 σᾶν
717 3445 863 3528 κτέανον,

331 3556 392 3627 τοῖς
414 3545 529 3617 ἀκούει
545 3591 562 3600 -
575 3549 636 3635 μὲν
657 3548 765 3636 βάσις,
789 3546 961 3638 ἀγλαΐας-
978 3546 1073 3637 ἀρχά,

332 3650 458 3720 πείθοι
473 3695 489 3704 -
504 3679 561 3722 ται
583 3649 613 3721 d'
636 3651 751 3722 ἀοιδοὶ
766 3697 781 3706 -
798 3653 953 3738 σάμασιν,

332 3755 537 3846 ἁγησιχόρων
561 3754 690 3826 ὁπόταν
712 3783 780 3846 προ
796 3799 812 3810 -
828 3755 949 3845 οιμίων

293 3935 294 3941 ,
376 3857 529 3948 ἀμβολὰς
550 3861 606 3930 aad
623 3904 638 3913 -
654 3889 713 3954 χῃς
735 3863 956 3950 ἐλελιζομένα,

331 3968 389 4032 καὶ
412 3965 470 4032 τὸν
494 3963 598 4053 αἰχμα
615 3967 707 4035 -τὰν
729 3967 886 4058 κεραυνὸν
901 4009 918 4019 -
934 3966 1101 4053 σβεννύεις

322 4057 451 4137 ιοῖενολοο
475 4069 591 4160 πυρός,
615 4070 652 4139 εὕ
671 4113 687 4122 -
703 4073 754 4139 dat
778 4067 807 4138 ὃ)
831 4066 894 4138 ἀνὰ
917 4073 999 4139 σκολ-

374 4198 449 4264 πτιμ
471 4174 561 4256 Διὸς
579 4173 702 4256 αἰετός,
727 4171 824 4242 ὠκεῖ-

375 4304 416 4346 αν
438 4274 569 4368 πτέρυγ’
593 4274 773 4369 ἀμφοτέρω
788 4319 804 4329 -
820 4286 883 4347 θεν
904 4275 1076 4362 χαλάξαις.
