<?xml version="1.0" encoding="UTF-8"?>
<!DOCTYPE html PUBLIC "-//W3C//DTD XHTML 1.0 Transitional//EN"
    "http://www.w3.org/TR/xhtml1/DTD/xhtml1-transitional.dtd">
<html xmlns="http://www.w3.org/1999/xhtml" xml:lang="en" lang="en">
 <head>
  <title>
</title>
<meta http-equiv="Content-Type" content="text/html;charset=utf-8" />
  <meta name='ocr-system' content='tesseract 3.04.00' />
  <meta name='ocr-capabilities' content='ocr_page ocr_carea ocr_par ocr_line ocrx_word'/>
</head>
<body>
  <div class='ocr_page' id='page_1' title='image "./doctrinaemetric00hermgoog/doctrinaemetric00hermgoog_0292.png"; bbox 0 0 2922 4948; ppageno 0'>
   <div class='ocr_carea' id='block_1_1' title="bbox 514 366 1224 430">
    <p class='ocr_par' dir='ltr' id='par_1_1' title="bbox 514 366 1224 430">
     <span class='ocr_line' id='line_1_1' title="bbox 514 366 1224 430; baseline -0.001 -2"><span class='ocrx_word' id='word_1_1' title='bbox 514 387 551 428; x_wconf 84' lang='lat' dir='ltr'><strong>nr</strong></span> <span class='ocrx_word' id='word_1_2' title='bbox 567 385 700 430; x_wconf 75' lang='lat' dir='ltr'><strong>errarem</strong></span> <span class='ocrx_word' id='word_1_3' title='bbox 716 384 844 428; x_wconf 79' lang='lat' dir='ltr'><strong>sorvrrs.</strong></span> <span class='ocrx_word' id='word_1_4' title='bbox 1162 366 1224 428; x_wconf 78' lang='lat' dir='ltr'><strong>tte</strong></span> 
     </span>
    </p>
   </div>
   <div class='ocr_carea' id='block_1_2' title="bbox 140 537 1228 1330">
    <p class='ocr_par' dir='ltr' id='par_1_2' title="bbox 140 537 1228 1330">
     <span class='ocr_line' id='line_1_2' title="bbox 150 537 1227 626; baseline -0.006 -21"><span class='ocrx_word' id='word_1_5' title='bbox 150 543 249 624; x_wconf 80' lang='lat' dir='ltr'>ncipit</span> <span class='ocrx_word' id='word_1_6' title='bbox 267 541 331 626; x_wconf 75' lang='lat' dir='ltr'><strong>¹hoo</strong></span> <span class='ocrx_word' id='word_1_7' title='bbox 354 557 479 604; x_wconf 83' lang='lat' dir='ltr'><strong>carmen</strong></span> <span class='ocrx_word' id='word_1_8' title='bbox 505 538 639 622; x_wconf 82' lang='lat' dir='ltr'><strong>proedo,</strong></span> <span class='ocrx_word' id='word_1_9' title='bbox 668 556 763 618; x_wconf 87' lang='lat' dir='ltr'><strong>quam</strong></span> <span class='ocrx_word' id='word_1_10' title='bbox 788 538 946 620; x_wconf 73' lang='lat' dir='ltr'><strong>excipiunt</strong></span> <span class='ocrx_word' id='word_1_11' title='bbox 967 557 997 598; x_wconf 90' lang='lat' dir='ltr'><strong>v.</strong></span> <span class='ocrx_word' id='word_1_12' title='bbox 1019 537 1079 599; x_wconf 85' lang='lat' dir='ltr'><strong>3l0</strong></span> <span class='ocrx_word' id='word_1_13' title='bbox 1103 537 1227 616; x_wconf 89' lang='lat' dir='ltr'><strong>stropha</strong></span> 
     </span>
     <span class='ocr_line' id='line_1_3' title="bbox 188 639 1228 725; baseline -0.005 -18"><span class='ocrx_word' id='word_1_14' title='bbox 188 645 388 725; x_wconf 75' lang='lat' dir='ltr'><strong>antistropha.</strong></span> <span class='ocrx_word' id='word_1_15' title='bbox 444 643 560 706; x_wconf 84' lang='lat' dir='ltr'>Deinde</span> <span class='ocrx_word' id='word_1_16' title='bbox 602 643 743 722; x_wconf 87' lang='lat' dir='ltr'><strong>sequitur</strong></span> <span class='ocrx_word' id='word_1_17' title='bbox 782 660 813 702; x_wconf 89' lang='lat' dir='ltr'><strong>v.</strong></span> <span class='ocrx_word' id='word_1_18' title='bbox 841 641 913 702; x_wconf 75' lang='grc'><strong>336.</strong></span> <span class='ocrx_word' id='word_1_19' title='bbox 954 649 1089 720; x_wconf 79' lang='lat' dir='ltr'><strong>systema</strong></span> <span class='ocrx_word' id='word_1_20' title='bbox 1126 639 1228 702; x_wconf 87' lang='lat' dir='ltr'><strong>doeh-</strong></span> 
     </span>
     <span class='ocr_line' id='line_1_4' title="bbox 184 743 1228 828; baseline -0.001 -20"><span class='ocrx_word' id='word_1_21' title='bbox 184 768 292 828; x_wconf 81' lang='lat' dir='ltr'><strong>aoum,</strong></span> <span class='ocrx_word' id='word_1_22' title='bbox 333 748 383 810; x_wconf 90' lang='lat' dir='ltr'><strong>oui</strong></span> <span class='ocrx_word' id='word_1_23' title='bbox 412 748 518 809; x_wconf 85' lang='lat' dir='ltr'><strong>inserti</strong></span> <span class='ocrx_word' id='word_1_24' title='bbox 547 746 609 809; x_wconf 93' lang='lat' dir='ltr'><strong>duo</strong></span> <span class='ocrx_word' id='word_1_25' title='bbox 645 745 706 808; x_wconf 92' lang='lat' dir='ltr'><strong>sibi</strong></span> <span class='ocrx_word' id='word_1_26' title='bbox 735 743 956 826; x_wconf 78' lang='lat' dir='ltr'><strong>respondentes</strong></span> <span class='ocrx_word' id='word_1_27' title='bbox 989 762 1106 806; x_wconf 87' lang='lat' dir='ltr'><strong>versus.</strong></span> <span class='ocrx_word' id='word_1_28' title='bbox 1154 743 1228 807; x_wconf 90' lang='lat' dir='ltr'><strong>lnde</strong></span> 
     </span>
     <span class='ocr_line' id='line_1_5' title="bbox 188 847 1228 932; baseline -0.003 -20"><span class='ocrx_word' id='word_1_29' title='bbox 188 896 199 912; x_wconf 90' lang='lat'><em>.</em></span> <span class='ocrx_word' id='word_1_30' title='bbox 222 852 346 932; x_wconf 85' lang='lat' dir='ltr'><strong>stmpha</strong></span> <span class='ocrx_word' id='word_1_31' title='bbox 369 869 399 912; x_wconf 90' lang='lat' dir='ltr'><strong>v.</strong></span> <span class='ocrx_word' id='word_1_32' title='bbox 419 853 491 913; x_wconf 87' lang='grc'><strong>336.</strong></span> <span class='ocrx_word' id='word_1_33' title='bbox 518 870 558 912; x_wconf 85' lang='lat' dir='ltr'><strong>ex</strong></span> <span class='ocrx_word' id='word_1_34' title='bbox 579 849 709 914; x_wconf 82' lang='lat' dir='ltr'><strong>iambico</strong></span> <span class='ocrx_word' id='word_1_35' title='bbox 731 851 878 928; x_wconf 87' lang='lat' dir='ltr'><strong>trimetro,</strong></span> <span class='ocrx_word' id='word_1_36' title='bbox 905 847 1061 908; x_wconf 87' lang='lat' dir='ltr'><strong>doehmiis.</strong></span> <span class='ocrx_word' id='word_1_37' title='bbox 1088 855 1228 927; x_wconf 90' lang='lat' dir='ltr'><strong>anapae&#39;-</strong></span> 
     </span>
     <span class='ocr_line' id='line_1_6' title="bbox 141 951 1223 1036; baseline -0.004 -19"><span class='ocrx_word' id='word_1_38' title='bbox 141 957 215 1034; x_wconf 92' lang='lat' dir='ltr'><strong>stis,</strong></span> <span class='ocrx_word' id='word_1_39' title='bbox 247 955 376 1036; x_wconf 86' lang='lat' dir='ltr'><strong>iambis,</strong></span> <span class='ocrx_word' id='word_1_40' title='bbox 409 953 568 1034; x_wconf 89' lang='lat' dir='ltr'><strong>doohmiis,</strong></span> <span class='ocrx_word' id='word_1_41' title='bbox 594 955 683 1018; x_wconf 86' lang='lat' dir='ltr'><strong>cuius</strong></span> <span class='ocrx_word' id='word_1_42' title='bbox 705 953 805 1016; x_wconf 91' lang='lat' dir='ltr'><strong>ultimi</strong></span> <span class='ocrx_word' id='word_1_43' title='bbox 832 951 893 1014; x_wconf 90' lang='lat' dir='ltr'><strong>duo</strong></span> <span class='ocrx_word' id='word_1_44' title='bbox 924 969 1034 1014; x_wconf 89' lang='lat' dir='ltr'><strong>versus</strong></span> <span class='ocrx_word' id='word_1_45' title='bbox 1058 953 1129 1013; x_wconf 88' lang='grc'><strong>344.</strong></span> <span class='ocrx_word' id='word_1_46' title='bbox 1152 953 1223 1013; x_wconf 85' lang='grc'><strong>345.</strong></span> 
     </span>
     <span class='ocr_line' id='line_1_7' title="bbox 141 1053 1223 1140; baseline -0.006 -18"><span class='ocrx_word' id='word_1_47' title='bbox 141 1055 331 1140; x_wconf 87' lang='lat' dir='ltr'><strong>respondent</strong></span> <span class='ocrx_word' id='word_1_48' title='bbox 358 1057 502 1122; x_wconf 83' lang='lat' dir='ltr'><strong>versibus</strong></span> <span class='ocrx_word' id='word_1_49' title='bbox 525 1059 596 1119; x_wconf 90' lang='grc'><strong>334.</strong></span> <span class='ocrx_word' id='word_1_50' title='bbox 618 1061 690 1122; x_wconf 88' lang='lat'><strong>335.</strong></span> <span class='ocrx_word' id='word_1_51' title='bbox 736 1059 815 1118; x_wconf 91' lang='lat' dir='ltr'><strong>Tum</strong></span> <span class='ocrx_word' id='word_1_52' title='bbox 838 1064 973 1136; x_wconf 81' lang='lat' dir='ltr'><strong>systema</strong></span> <span class='ocrx_word' id='word_1_53' title='bbox 1004 1053 1171 1117; x_wconf 88' lang='lat' dir='ltr'><strong>iambicum</strong></span> <span class='ocrx_word' id='word_1_54' title='bbox 1193 1074 1223 1116; x_wconf 90' lang='lat' dir='ltr'><strong>v.</strong></span> 
     </span>
     <span class='ocr_line' id='line_1_8' title="bbox 142 1154 1228 1242; baseline -0.005 -18"><span class='ocrx_word' id='word_1_55' title='bbox 142 1164 217 1224; x_wconf 86' lang='grc'><strong>346.</strong></span> <span class='ocrx_word' id='word_1_56' title='bbox 236 1171 268 1224; x_wconf 88' lang='lat' dir='ltr'><strong>et</strong></span> <span class='ocrx_word' id='word_1_57' title='bbox 279 1161 490 1226; x_wconf 86' lang='lat' dir='ltr'><strong>doohmiaoum</strong></span> <span class='ocrx_word' id='word_1_58' title='bbox 505 1182 535 1224; x_wconf 89' lang='lat' dir='ltr'><strong>v.</strong></span> <span class='ocrx_word' id='word_1_59' title='bbox 547 1164 619 1225; x_wconf 80' lang='grc'><strong>353.</strong></span> <span class='ocrx_word' id='word_1_60' title='bbox 639 1170 793 1242; x_wconf 87' lang='lat' dir='ltr'><strong>postremo</strong></span> <span class='ocrx_word' id='word_1_61' title='bbox 808 1159 995 1238; x_wconf 79' lang='lat' dir='ltr'><strong>dactylicum</strong></span> <span class='ocrx_word' id='word_1_62' title='bbox 1013 1177 1042 1220; x_wconf 77' lang='grc' dir='ltr'><strong>ν.</strong></span> <span class='ocrx_word' id='word_1_63' title='bbox 1057 1160 1127 1220; x_wconf 79' lang='grc'><strong>353.</strong></span> <span class='ocrx_word' id='word_1_64' title='bbox 1144 1154 1228 1238; x_wconf 90' lang='lat' dir='ltr'><strong>quod</strong></span> 
     </span>
     <span class='ocr_line' id='line_1_9' title="bbox 140 1265 419 1330; baseline 0.011 -3"><span class='ocrx_word' id='word_1_65' title='bbox 140 1267 248 1328; x_wconf 81' lang='lat' dir='ltr'><strong>linitur</strong></span> <span class='ocrx_word' id='word_1_66' title='bbox 261 1265 419 1330; x_wconf 87' lang='lat' dir='ltr'><strong>doehmiis.</strong></span> 
     </span>
    </p>
   </div>
   <div class='ocr_carea' id='block_1_3' title="bbox 141 1469 1229 2053">
    <p class='ocr_par' dir='ltr' id='par_1_3' title="bbox 141 1469 1229 2053">
     <span class='ocr_line' id='line_1_10' title="bbox 229 1469 1227 1555; baseline -0.004 -19"><span class='ocrx_word' id='word_1_67' title='bbox 229 1469 344 1554; x_wconf 66' lang='lat'><strong>5729.</strong></span> <span class='ocrx_word' id='word_1_68' title='bbox 384 1471 477 1536; x_wconf 78' lang='lat' dir='ltr'><strong>Aliud</strong></span> <span class='ocrx_word' id='word_1_69' title='bbox 512 1492 637 1536; x_wconf 81' lang='lat' dir='ltr'><strong>carmen</strong></span> <span class='ocrx_word' id='word_1_70' title='bbox 666 1473 778 1555; x_wconf 80' lang='lat' dir='ltr'><strong>partim</strong></span> <span class='ocrx_word' id='word_1_71' title='bbox 807 1471 1077 1553; x_wconf 88' lang='lat' dir='ltr'><strong>antistrophieum‚</strong></span> <span class='ocrx_word' id='word_1_72' title='bbox 1114 1469 1227 1552; x_wconf 89' lang='lat' dir='ltr'><strong>partim</strong></span> 
     </span>
     <span class='ocr_line' id='line_1_11' title="bbox 141 1573 1228 1659; baseline -0.005 -19"><span class='ocrx_word' id='word_1_73' title='bbox 141 1575 347 1640; x_wconf 90' lang='lat' dir='ltr'><strong>dissimilibus</strong></span> <span class='ocrx_word' id='word_1_74' title='bbox 361 1579 442 1640; x_wconf 87' lang='lat' dir='ltr'><strong>inter</strong></span> <span class='ocrx_word' id='word_1_75' title='bbox 455 1597 489 1639; x_wconf 88' lang='lat' dir='ltr'><strong>se</strong></span> <span class='ocrx_word' id='word_1_76' title='bbox 505 1579 681 1659; x_wconf 82' lang='lat' dir='ltr'><strong>systematis</strong></span> <span class='ocrx_word' id='word_1_77' title='bbox 697 1577 943 1658; x_wconf 87' lang='lat' dir='ltr'><strong>interpellatum,</strong></span> <span class='ocrx_word' id='word_1_78' title='bbox 962 1577 1002 1638; x_wconf 82' lang='lat' dir='ltr'><strong>ita</strong></span> <span class='ocrx_word' id='word_1_79' title='bbox 1022 1585 1057 1637; x_wconf 91' lang='lat' dir='ltr'><strong>ut</strong></span> <span class='ocrx_word' id='word_1_80' title='bbox 1072 1573 1228 1655; x_wconf 88' lang='lat' dir='ltr'><strong>quodam-</strong></span> 
     </span>
     <span class='ocr_line' id='line_1_12' title="bbox 141 1679 1224 1761; baseline -0.002 -19"><span class='ocrx_word' id='word_1_81' title='bbox 141 1680 564 1761; x_wconf 89' lang='lat' dir='ltr'><strong>modoparomoeostrophum</strong></span> <span class='ocrx_word' id='word_1_82' title='bbox 575 1679 670 1742; x_wconf 88' lang='lat' dir='ltr'><strong>videri</strong></span> <span class='ocrx_word' id='word_1_83' title='bbox 680 1682 786 1760; x_wconf 89' lang='lat' dir='ltr'><strong>possit,</strong></span> <span class='ocrx_word' id='word_1_84' title='bbox 796 1680 1006 1741; x_wconf 81' lang='lat' dir='ltr'><strong>inl’hoenissis</strong></span> <span class='ocrx_word' id='word_1_85' title='bbox 1014 1680 1224 1741; x_wconf 65' lang='lat' dir='ltr'><strong>estavttta.</strong></span> 
     </span>
     <span class='ocr_line' id='line_1_13' title="bbox 141 1782 1229 1865; baseline -0.004 -19"><span class='ocrx_word' id='word_1_86' title='bbox 141 1784 227 1865; x_wconf 91' lang='lat' dir='ltr'><strong>quod</strong></span> <span class='ocrx_word' id='word_1_87' title='bbox 246 1785 278 1846; x_wconf 89' lang='lat' dir='ltr'><strong>in</strong></span> <span class='ocrx_word' id='word_1_88' title='bbox 301 1803 369 1847; x_wconf 89' lang='lat' dir='ltr'><strong>mea</strong></span> <span class='ocrx_word' id='word_1_89' title='bbox 392 1784 473 1846; x_wconf 88' lang='lat' dir='ltr'><strong>illius</strong></span> <span class='ocrx_word' id='word_1_90' title='bbox 493 1783 665 1864; x_wconf 79' lang='lat' dir='ltr'><strong>tragoediae</strong></span> <span class='ocrx_word' id='word_1_91' title='bbox 681 1782 827 1862; x_wconf 86' lang='lat' dir='ltr'><strong>editione,</strong></span> <span class='ocrx_word' id='word_1_92' title='bbox 847 1793 998 1863; x_wconf 89' lang='lat' dir='ltr'><strong>quantum</strong></span> <span class='ocrx_word' id='word_1_93' title='bbox 1022 1784 1135 1844; x_wconf 87' lang='lat' dir='ltr'><strong>ineerta</strong></span> <span class='ocrx_word' id='word_1_94' title='bbox 1152 1783 1229 1863; x_wconf 88' lang='lat' dir='ltr'><strong>qui-</strong></span> 
     </span>
     <span class='ocr_line' id='line_1_14' title="bbox 144 1885 1228 1968; baseline -0.001 -20"><span class='ocrx_word' id='word_1_95' title='bbox 144 1888 276 1950; x_wconf 88' lang='lat' dir='ltr'><strong>busdam</strong></span> <span class='ocrx_word' id='word_1_96' title='bbox 292 1889 324 1950; x_wconf 93' lang='lat' dir='ltr'><strong>in</strong></span> <span class='ocrx_word' id='word_1_97' title='bbox 339 1888 414 1949; x_wconf 87' lang='lat' dir='ltr'><strong>loeis</strong></span> <span class='ocrx_word' id='word_1_98' title='bbox 428 1888 578 1967; x_wconf 81' lang='lat' dir='ltr'><strong>scriptura</strong></span> <span class='ocrx_word' id='word_1_99' title='bbox 595 1887 659 1949; x_wconf 84' lang='lat' dir='ltr'><strong>fieri</strong></span> <span class='ocrx_word' id='word_1_100' title='bbox 675 1907 767 1968; x_wconf 92' lang='lat' dir='ltr'><strong>posse</strong></span> <span class='ocrx_word' id='word_1_101' title='bbox 784 1885 963 1966; x_wconf 83' lang='lat' dir='ltr'><strong>videbatur,</strong></span> <span class='ocrx_word' id='word_1_102' title='bbox 989 1888 1020 1946; x_wconf 93' lang='lat' dir='ltr'><strong>in</strong></span> <span class='ocrx_word' id='word_1_103' title='bbox 1037 1905 1110 1948; x_wconf 90' lang='lat' dir='ltr'><strong>suas</strong></span> <span class='ocrx_word' id='word_1_104' title='bbox 1124 1895 1228 1966; x_wconf 88' lang='lat' dir='ltr'><strong>partes</strong></span> 
     </span>
     <span class='ocr_line' id='line_1_15' title="bbox 143 1989 376 2053; baseline 0.004 -2"><span class='ocrx_word' id='word_1_105' title='bbox 143 1989 278 2053; x_wconf 88' lang='lat' dir='ltr'><strong>divisum</strong></span> <span class='ocrx_word' id='word_1_106' title='bbox 293 1990 376 2053; x_wconf 86' lang='lat' dir='ltr'><strong>dedi.</strong></span> 
     </span>
    </p>
   </div>
   <div class='ocr_carea' id='block_1_4' title="bbox 143 2183 1229 2485">
    <p class='ocr_par' dir='ltr' id='par_1_4' title="bbox 143 2183 1229 2485">
     <span class='ocr_line' id='line_1_16' title="bbox 229 2183 1225 2280; baseline 0 -20"><span class='ocrx_word' id='word_1_107' title='bbox 229 2193 347 2277; x_wconf 64' lang='lat'><strong>5730.</strong></span> <span class='ocrx_word' id='word_1_108' title='bbox 386 2183 519 2262; x_wconf 67' lang='lat' dir='ltr'><strong>emebat</strong></span> <span class='ocrx_word' id='word_1_109' title='bbox 555 2197 602 2260; x_wconf 92' lang='lat' dir='ltr'><strong>his</strong></span> <span class='ocrx_word' id='word_1_110' title='bbox 637 2198 771 2279; x_wconf 89' lang='lat' dir='ltr'><strong>denique</strong></span> <span class='ocrx_word' id='word_1_111' title='bbox 807 2197 1004 2260; x_wconf 84' lang='lat' dir='ltr'><strong>memorabile</strong></span> <span class='ocrx_word' id='word_1_112' title='bbox 1036 2199 1225 2280; x_wconf 86' lang='lat' dir='ltr'><strong>exemplum,</strong></span> 
     </span>
     <span class='ocr_line' id='line_1_17' title="bbox 143 2300 1228 2383; baseline 0 -19"><span class='ocrx_word' id='word_1_113' title='bbox 143 2300 228 2382; x_wconf 87' lang='lat' dir='ltr'><strong>quod</strong></span> <span class='ocrx_word' id='word_1_114' title='bbox 247 2311 294 2364; x_wconf 88' lang='lat' dir='ltr'><strong>est</strong></span> <span class='ocrx_word' id='word_1_115' title='bbox 318 2302 349 2362; x_wconf 93' lang='lat' dir='ltr'><strong>in</strong></span> <span class='ocrx_word' id='word_1_116' title='bbox 370 2301 529 2381; x_wconf 86' lang='lat' dir='ltr'><strong>Sophoclis</strong></span> <span class='ocrx_word' id='word_1_117' title='bbox 549 2301 625 2364; x_wconf 90' lang='lat' dir='ltr'><strong>Oed.</strong></span> <span class='ocrx_word' id='word_1_118' title='bbox 650 2303 713 2364; x_wconf 85' lang='lat' dir='ltr'><strong>Col.</strong></span> <span class='ocrx_word' id='word_1_119' title='bbox 733 2303 805 2381; x_wconf 76' lang='grc'><strong>336,</strong></span> <span class='ocrx_word' id='word_1_120' title='bbox 833 2311 865 2364; x_wconf 89' lang='lat' dir='ltr'><strong>et</strong></span> <span class='ocrx_word' id='word_1_121' title='bbox 880 2302 952 2364; x_wconf 71' lang='lat' dir='ltr'><strong>itt.</strong></span> <span class='ocrx_word' id='word_1_122' title='bbox 986 2301 1061 2362; x_wconf 90' lang='lat' dir='ltr'><strong>Nam</strong></span> <span class='ocrx_word' id='word_1_123' title='bbox 1083 2321 1163 2383; x_wconf 90' lang='lat' dir='ltr'><strong>quae</strong></span> <span class='ocrx_word' id='word_1_124' title='bbox 1186 2303 1228 2364; x_wconf 95' lang='lat' dir='ltr'><strong>ibi</strong></span> 
     </span>
     <span class='ocr_line' id='line_1_18' title="bbox 143 2403 1229 2485; baseline 0.001 -19"><span class='ocrx_word' id='word_1_125' title='bbox 143 2414 217 2466; x_wconf 89' lang='lat' dir='ltr'><strong>sunt</strong></span> <span class='ocrx_word' id='word_1_126' title='bbox 246 2403 307 2467; x_wconf 89' lang='lat' dir='ltr'><strong>duo</strong></span> <span class='ocrx_word' id='word_1_127' title='bbox 337 2415 503 2485; x_wconf 86' lang='lat' dir='ltr'><strong>systemata</strong></span> <span class='ocrx_word' id='word_1_128' title='bbox 534 2404 700 2484; x_wconf 80' lang='lat' dir='ltr'><strong>dactylica,</strong></span> <span class='ocrx_word' id='word_1_129' title='bbox 739 2405 846 2467; x_wconf 91' lang='lat' dir='ltr'><strong>ultimo</strong></span> <span class='ocrx_word' id='word_1_130' title='bbox 875 2423 970 2467; x_wconf 88' lang='lat' dir='ltr'><strong>versu</strong></span> <span class='ocrx_word' id='word_1_131' title='bbox 999 2403 1060 2466; x_wconf 90' lang='lat' dir='ltr'><strong>sibi</strong></span> <span class='ocrx_word' id='word_1_132' title='bbox 1096 2423 1229 2485; x_wconf 88' lang='lat' dir='ltr'><strong>respon-</strong></span> 
     </span>
    </p>
   </div>
   <div class='ocr_carea' id='block_1_5' title="bbox 143 2507 1229 2674">
    <p class='ocr_par' dir='ltr' id='par_1_5' title="bbox 143 2507 1229 2674">
     <span class='ocr_line' id='line_1_19' title="bbox 143 2507 1229 2590; baseline 0.002 -20"><span class='ocrx_word' id='word_1_133' title='bbox 143 2507 264 2590; x_wconf 90' lang='lat' dir='ltr'><strong>dentia,</strong></span> <span class='ocrx_word' id='word_1_134' title='bbox 283 2527 389 2571; x_wconf 88' lang='lat' dir='ltr'><strong>eorum</strong></span> <span class='ocrx_word' id='word_1_135' title='bbox 405 2511 502 2590; x_wconf 91' lang='lat' dir='ltr'><strong>prius,</strong></span> <span class='ocrx_word' id='word_1_136' title='bbox 520 2519 556 2570; x_wconf 89' lang='lat' dir='ltr'><strong>ut</strong></span> <span class='ocrx_word' id='word_1_137' title='bbox 571 2510 602 2570; x_wconf 93' lang='lat' dir='ltr'><strong>in</strong></span> <span class='ocrx_word' id='word_1_138' title='bbox 618 2526 739 2571; x_wconf 91' lang='lat' dir='ltr'><strong>summa</strong></span> <span class='ocrx_word' id='word_1_139' title='bbox 755 2509 848 2570; x_wconf 88' lang='lat' dir='ltr'><strong>animi</strong></span> <span class='ocrx_word' id='word_1_140' title='bbox 864 2509 1028 2588; x_wconf 83' lang='lat' dir='ltr'><strong>anxietate,</strong></span> <span class='ocrx_word' id='word_1_141' title='bbox 1047 2527 1108 2570; x_wconf 92' lang='lat' dir='ltr'><strong>uno</strong></span> <span class='ocrx_word' id='word_1_142' title='bbox 1125 2519 1229 2572; x_wconf 86' lang='lat' dir='ltr'><strong>tenore</strong></span> 
     </span>
     <span class='ocr_line' id='line_1_20' title="bbox 144 2609 427 2674; baseline 0.007 -2"><span class='ocrx_word' id='word_1_143' title='bbox 144 2611 295 2674; x_wconf 86' lang='lat' dir='ltr'><strong>decurrit:</strong></span> <span class='ocrx_word' id='word_1_144' title='bbox 424 2609 427 2614; x_wconf 81' lang='grc'><strong>’</strong></span> 
     </span>
    </p>
   </div>
   <div class='ocr_carea' id='block_1_6' title="bbox 136 2741 1253 3696">
    <p class='ocr_par' dir='ltr' id='par_1_6' title="bbox 136 2741 1253 3696">
     <span class='ocr_line' id='line_1_21' title="bbox 299 2741 925 2837; baseline -0.002 -23"><span class='ocrx_word' id='word_1_145' title='bbox 299 2751 342 2814; x_wconf 89' lang='grc' dir='ltr'><strong>Χ.</strong></span> <span class='ocrx_word' id='word_1_146' title='bbox 366 2743 476 2817; x_wconf 76' lang='grc' dir='ltr'><strong><em>οὐδενὶ</em></strong></span> <span class='ocrx_word' id='word_1_147' title='bbox 497 2743 652 2837; x_wconf 80' lang='grc' dir='ltr'><strong><em>μοιριδία</em></strong></span> <span class='ocrx_word' id='word_1_148' title='bbox 674 2742 762 2826; x_wconf 78' lang='grc' dir='ltr'><strong><em>τίσις</em></strong></span> <span class='ocrx_word' id='word_1_149' title='bbox 784 2741 925 2834; x_wconf 67' lang='grc' dir='ltr'><strong><em>ἔρχαται,</em></strong></span> 
     </span>
     <span class='ocr_line' id='line_1_22' title="bbox 300 2841 1052 2942; baseline 0 -26"><span class='ocrx_word' id='word_1_150' title='bbox 300 2841 345 2916; x_wconf 84' lang='grc' dir='ltr'><strong>ὧν</strong></span> <span class='ocrx_word' id='word_1_151' title='bbox 367 2848 547 2942; x_wconf 68' lang='grc' dir='ltr'><strong><em>προπάδρ,</em></strong></span> <span class='ocrx_word' id='word_1_152' title='bbox 570 2849 610 2918; x_wconf 85' lang='grc' dir='ltr'><strong>τὸ</strong></span> <span class='ocrx_word' id='word_1_153' title='bbox 632 2847 743 2918; x_wconf 76' lang='grc' dir='ltr'><strong><em>τίνειν.</em></strong></span> <span class='ocrx_word' id='word_1_154' title='bbox 767 2845 883 2918; x_wconf 70' lang='grc' dir='ltr'><strong><em>ἀπάτα</em></strong></span> <span class='ocrx_word' id='word_1_155' title='bbox 906 2842 938 2916; x_wconf 77' lang='grc' dir='ltr'><strong>δ’</strong></span> <span class='ocrx_word' id='word_1_156' title='bbox 960 2842 1052 2916; x_wconf 78' lang='grc' dir='ltr'><strong><em>διτά-</em></strong></span> 
     </span>
     <span class='ocr_line' id='line_1_23' title="bbox 298 2950 924 3044; baseline 0 -24"><span class='ocrx_word' id='word_1_157' title='bbox 298 2975 374 3032; x_wconf 82' lang='grc' dir='ltr'><strong><em>ταις</em></strong></span> <span class='ocrx_word' id='word_1_158' title='bbox 394 2950 523 3043; x_wconf 76' lang='grc' dir='ltr'><strong><em>ἑτέραις</em></strong></span> <span class='ocrx_word' id='word_1_159' title='bbox 544 2950 639 3044; x_wconf 75' lang='grc' dir='ltr'><strong><em>ἑτέρα</em></strong></span> <span class='ocrx_word' id='word_1_160' title='bbox 662 2950 924 3042; x_wconf 76' lang='grc' dir='ltr'><strong><em>παραβαλλομέ-</em></strong></span> 
     </span>
     <span class='ocr_line' id='line_1_24' title="bbox 299 3052 1037 3147; baseline 0.004 -25"><span class='ocrx_word' id='word_1_161' title='bbox 299 3083 340 3124; x_wconf 90' lang='grc' dir='ltr'><strong>να</strong></span> <span class='ocrx_word' id='word_1_162' title='bbox 362 3055 476 3141; x_wconf 82' lang='grc' dir='ltr'><strong><em>πόνον,</em></strong></span> <span class='ocrx_word' id='word_1_163' title='bbox 500 3054 539 3125; x_wconf 77' lang='grc' dir='ltr'><strong>οὗ</strong></span> <span class='ocrx_word' id='word_1_164' title='bbox 561 3055 658 3147; x_wconf 74' lang='grc' dir='ltr'><strong><em>χάριν</em></strong></span> <span class='ocrx_word' id='word_1_165' title='bbox 679 3052 892 3126; x_wconf 70' lang='grc' dir='ltr'><strong><em>ἀναδίδωσιν</em></strong></span> <span class='ocrx_word' id='word_1_166' title='bbox 915 3053 949 3125; x_wconf 76' lang='grc' dir='ltr'><strong>ἔ·</strong></span> <span class='ocrx_word' id='word_1_167' title='bbox 1033 3052 1037 3058; x_wconf 60' lang='grc'><em>’</em></span> 
     </span>
     <span class='ocr_line' id='line_1_25' title="bbox 299 3156 1077 3252; baseline 0 -25"><span class='ocrx_word' id='word_1_168' title='bbox 299 3186 377 3246; x_wconf 77' lang='grc' dir='ltr'><strong><em>χειν.</em></strong></span> <span class='ocrx_word' id='word_1_169' title='bbox 400 3161 439 3230; x_wconf 80' lang='grc' dir='ltr'><strong>οδ</strong></span> <span class='ocrx_word' id='word_1_170' title='bbox 462 3160 502 3230; x_wconf 74' lang='grc' dir='ltr'><strong>δὲ</strong></span> <span class='ocrx_word' id='word_1_171' title='bbox 522 3156 619 3229; x_wconf 72' lang='grc' dir='ltr'><strong><em>τῶνδ’</em></strong></span> <span class='ocrx_word' id='word_1_172' title='bbox 641 3158 787 3252; x_wconf 75' lang='grc' dir='ltr'><strong><em>ἑδράνων</em></strong></span> <span class='ocrx_word' id='word_1_173' title='bbox 808 3160 912 3228; x_wconf 72' lang='grc' dir='ltr'><strong><em>πάλιν</em></strong></span> <span class='ocrx_word' id='word_1_174' title='bbox 934 3157 1077 3238; x_wconf 73' lang='grc' dir='ltr'><strong><em>ἔκτοπος</em></strong></span> 
     </span>
     <span class='ocr_line' id='line_1_26' title="bbox 300 3255 980 3356; baseline -0.004 -24"><span class='ocrx_word' id='word_1_175' title='bbox 300 3255 402 3344; x_wconf 74' lang='grc' dir='ltr'><strong><em>αὖθις</em></strong></span> <span class='ocrx_word' id='word_1_176' title='bbox 423 3257 579 3356; x_wconf 66' lang='grc' dir='ltr'><strong><em>ὅφορμος</em></strong></span> <span class='ocrx_word' id='word_1_177' title='bbox 600 3263 683 3352; x_wconf 77' lang='grc' dir='ltr'><strong><em>ἐμᾶς</em></strong></span> <span class='ocrx_word' id='word_1_178' title='bbox 702 3263 827 3351; x_wconf 77' lang='grc' dir='ltr'><strong><em>χθονὸς</em></strong></span> <span class='ocrx_word' id='word_1_179' title='bbox 849 3262 980 3351; x_wconf 72' lang='grc' dir='ltr'><strong><em>ἔκθορε,</em></strong></span> 
     </span>
     <span class='ocr_line' id='line_1_27' title="bbox 298 3367 626 3459; baseline 0 -23"><span class='ocrx_word' id='word_1_180' title='bbox 298 3367 344 3459; x_wconf 84' lang='grc' dir='ltr'><strong>μή</strong></span> <span class='ocrx_word' id='word_1_181' title='bbox 366 3393 400 3436; x_wconf 92' lang='grc' dir='ltr'><strong>τι</strong></span> <span class='ocrx_word' id='word_1_182' title='bbox 421 3367 509 3456; x_wconf 83' lang='grc' dir='ltr'><strong><em>πέρα</em></strong></span> <span class='ocrx_word' id='word_1_183' title='bbox 530 3369 626 3458; x_wconf 77' lang='grc' dir='ltr'><strong><em>χρέος</em></strong></span> 
     </span>
     <span class='ocr_line' id='line_1_28' title="bbox 352 3469 748 3565; baseline 0.005 -26"><span class='ocrx_word' id='word_1_184' title='bbox 352 3470 417 3564; x_wconf 75' lang='grc' dir='ltr'><strong>ἐμᾷ</strong></span> <span class='ocrx_word' id='word_1_185' title='bbox 440 3469 538 3540; x_wconf 81' lang='grc' dir='ltr'><strong><em>πόλει</em></strong></span> <span class='ocrx_word' id='word_1_186' title='bbox 551 3470 748 3565; x_wconf 75' lang='grc' dir='ltr'><strong>’προςᾶψρς.</strong></span> 
     </span>
     <span class='ocr_line' id='line_1_29' title="bbox 136 3613 1253 3696; baseline -0.001 -19"><span class='ocrx_word' id='word_1_187' title='bbox 136 3613 285 3678; x_wconf 69' lang='lat' dir='ltr'><strong>⁸Alterum</strong></span> <span class='ocrx_word' id='word_1_188' title='bbox 307 3624 388 3678; x_wconf 87' lang='lat' dir='ltr'><strong>reete</strong></span> <span class='ocrx_word' id='word_1_189' title='bbox 409 3615 568 3678; x_wconf 84' lang='lat' dir='ltr'><strong>distinctos</strong></span> <span class='ocrx_word' id='word_1_190' title='bbox 584 3625 776 3678; x_wconf 89' lang='lat' dir='ltr'><strong>tetrametros</strong></span> <span class='ocrx_word' id='word_1_191' title='bbox 791 3615 901 3694; x_wconf 86' lang='lat' dir='ltr'><strong>habet,</strong></span> <span class='ocrx_word' id='word_1_192' title='bbox 927 3616 979 3694; x_wconf 88' lang='lat' dir='ltr'><strong>qui</strong></span> <span class='ocrx_word' id='word_1_193' title='bbox 996 3613 1231 3696; x_wconf 86' lang='lat' dir='ltr'><strong>interpellantur</strong></span> <span class='ocrx_word' id='word_1_194' title='bbox 1249 3669 1253 3676; x_wconf 92' lang='lat'>.</span> 
     </span>
    </p>
   </div>
   <div class='ocr_carea' id='block_1_7' title="bbox 144 3719 1230 3904">
    <p class='ocr_par' dir='ltr' id='par_1_7' title="bbox 144 3719 1230 3904">
     <span class='ocr_line' id='line_1_30' title="bbox 144 3719 1230 3801; baseline -0.001 -19"><span class='ocrx_word' id='word_1_195' title='bbox 144 3719 269 3782; x_wconf 89' lang='lat' dir='ltr'><strong>duobus</strong></span> <span class='ocrx_word' id='word_1_196' title='bbox 290 3719 350 3780; x_wconf 92' lang='lat' dir='ltr'><strong>sibi</strong></span> <span class='ocrx_word' id='word_1_197' title='bbox 369 3719 628 3801; x_wconf 84' lang='lat' dir='ltr'><strong>respondentibus</strong></span> <span class='ocrx_word' id='word_1_198' title='bbox 643 3719 786 3782; x_wconf 89' lang='lat' dir='ltr'><strong>versibus</strong></span> <span class='ocrx_word' id='word_1_199' title='bbox 809 3738 848 3780; x_wconf 82' lang='lat' dir='ltr'><strong>ex</strong></span> <span class='ocrx_word' id='word_1_200' title='bbox 869 3719 1044 3782; x_wconf 86' lang='lat' dir='ltr'><strong>choriambo</strong></span> <span class='ocrx_word' id='word_1_201' title='bbox 1067 3729 1096 3780; x_wconf 85' lang='lat' dir='ltr'><strong>et</strong></span> <span class='ocrx_word' id='word_1_202' title='bbox 1112 3721 1230 3782; x_wconf 84' lang='lat' dir='ltr'><strong>Cretico</strong></span> 
     </span>
     <span class='ocr_line' id='line_1_31' title="bbox 144 3822 330 3904; baseline 0.011 -20"><span class='ocrx_word' id='word_1_203' title='bbox 144 3822 330 3904; x_wconf 83' lang='lat' dir='ltr'><strong>compositis.</strong></span> 
     </span>
    </p>
   </div>
   <div class='ocr_carea' id='block_1_8' title="bbox 283 3951 986 4364">
    <p class='ocr_par' dir='ltr' id='par_1_8' title="bbox 300 3951 905 4044">
     <span class='ocr_line' id='line_1_32' title="bbox 300 3951 905 4044; baseline 0.003 -21"><span class='ocrx_word' id='word_1_204' title='bbox 300 3951 371 4024; x_wconf 75' lang='grc' dir='ltr'><strong>ἀλλ’</strong></span> <span class='ocrx_word' id='word_1_205' title='bbox 395 3956 454 4044; x_wconf 70' lang='grc' dir='ltr'><strong>ἐμὲ</strong></span> <span class='ocrx_word' id='word_1_206' title='bbox 474 3956 534 4026; x_wconf 80' lang='grc' dir='ltr'><strong>τὰν</strong></span> <span class='ocrx_word' id='word_1_207' title='bbox 554 3954 687 4044; x_wconf 71' lang='grc' dir='ltr'><strong><em>μελέαν,</em></strong></span> <span class='ocrx_word' id='word_1_208' title='bbox 707 3952 905 4044; x_wconf 73' lang='grc' dir='ltr'><strong><em>ἱκετεύομεν,</em></strong></span> 
     </span>
    </p>

    <p class='ocr_par' dir='ltr' id='par_1_9' title="bbox 283 4051 986 4364">
     <span class='ocr_line' id='line_1_33' title="bbox 353 4051 857 4150; baseline 0.006 -24"><span class='ocrx_word' id='word_1_209' title='bbox 353 4051 380 4126; x_wconf 79' lang='lat' dir='ltr'><strong>oi</strong></span> <span class='ocrx_word' id='word_1_210' title='bbox 403 4061 535 4143; x_wconf 83' lang='grc' dir='ltr'><strong><em>ξένοι,</em></strong></span> <span class='ocrx_word' id='word_1_211' title='bbox 559 4057 811 4150; x_wconf 79' lang='grc' dir='ltr'><strong><em>οἶκτοίρα3’,</em></strong></span> <span class='ocrx_word' id='word_1_212' title='bbox 835 4057 857 4129; x_wconf 73' lang='lat' dir='ltr'><strong>bi</strong></span> 
     </span>
     <span class='ocr_line' id='line_1_34' title="bbox 300 4158 986 4250; baseline 0.004 -21"><span class='ocrx_word' id='word_1_213' title='bbox 300 4161 430 4250; x_wconf 78' lang='grc' dir='ltr'><strong><em>πατρὸς</em></strong></span> <span class='ocrx_word' id='word_1_214' title='bbox 449 4158 535 4250; x_wconf 74' lang='grc' dir='ltr'><strong><em>ὑπὲρ</em></strong></span> <span class='ocrx_word' id='word_1_215' title='bbox 557 4162 686 4248; x_wconf 76' lang='grc' dir='ltr'><strong><em>τούμοῦ</em></strong></span> <span class='ocrx_word' id='word_1_216' title='bbox 706 4162 809 4250; x_wconf 81' lang='grc' dir='ltr'><strong><em>μόνον</em></strong></span> <span class='ocrx_word' id='word_1_217' title='bbox 833 4159 986 4250; x_wconf 66' lang='grc' dir='ltr'><strong><em>ἄντομαι,</em></strong></span> 
     </span>
     <span class='ocr_line' id='line_1_35' title="bbox 283 4260 939 4364; baseline 0.003 -31"><span class='ocrx_word' id='word_1_218' title='bbox 283 4260 454 4364; x_wconf 46' lang='grc' dir='ltr'><strong><em>ἰἰἶντομαι,</em></strong></span> <span class='ocrx_word' id='word_1_219' title='bbox 478 4261 538 4334; x_wconf 74' lang='grc' dir='ltr'><strong>οὐκ</strong></span> <span class='ocrx_word' id='word_1_220' title='bbox 560 4263 680 4347; x_wconf 71' lang='grc' dir='ltr'><strong><em>ὀλοοῖς</em></strong></span> <span class='ocrx_word' id='word_1_221' title='bbox 701 4267 939 4360; x_wconf 73' lang='grc' dir='ltr'><strong><em>τεροςορωμένα</em></strong></span> 
     </span>
    </p>
   </div>
   <div class='ocr_carea' id='block_1_9' title="bbox 0 0 1470 4948">
    <p class='ocr_par' dir='ltr' id='par_1_10' title="bbox 0 0 1470 4948">
     <span class='ocr_line' id='line_1_36' title="bbox 0 0 1470 4948; baseline 0 0"><span class='ocrx_word' id='word_1_222' title='bbox 0 0 1470 4948; x_wconf 95' lang='lat' dir='ltr'><strong> </strong></span> 
     </span>
    </p>
   </div>
  </div>
 </body>
</html>
