2930 4962
522 311 532 348 i

449 408 486 450 cu
501 407 577 467 last,
596 403 691 467 ranst,
711 407 745 448 nr
762 407 910 450 tntcnvsr.
1210 387 1228 449 3

140 559 217 620 Nam
233 577 338 639 neque
353 577 462 621 caussa
477 559 598 639 ellectu,
613 577 715 639 neque
730 559 858 622 effectus
874 575 982 622 caussa
996 569 1050 622 aut
1064 561 1161 620 maior
1174 569 1229 621 aut

139 663 242 724 minor
263 679 332 723 esse
352 671 461 742 potest.
495 663 598 735 Quum
621 664 703 724 enim
726 665 825 725 omnis
847 665 990 743 mutatio,
1017 681 1079 742 qua
1095 663 1229 723 cernitur

140 766 286 845 allectus,
317 785 357 827 ex
382 765 525 828 conflictu
547 767 659 828 virium
687 769 896 847 oppositarum
923 769 1053 843 oriatur;
1085 763 1229 843 aequales

139 879 245 931 autem
268 872 350 932 vires
372 870 432 931 sihi
455 871 611 952 oppositae
631 889 665 931 se
687 871 773 950 ipsae
797 871 975 949 cohibeant,
1001 888 1059 932 nec
1073 868 1138 930 fieri
1154 885 1230 928 mu·—

139 974 288 1034 tationem
303 975 476 1054 patiantur:
496 993 623 1036 necesse
638 981 696 1054 est,
712 975 857 1054 oppositis
869 972 1085 1054 inaequalibus
1097 971 1225 1049 viribus,

138 1085 262 1138 mutum
285 1079 424 1158 superari
447 1077 588 1157 alteram,
616 1087 767 1158 quantum
791 1077 885 1139 altera
909 1085 1049 1158 superat:
1080 1091 1141 1156 qua
1164 1075 1230 1154 lege

137 1181 249 1242 nititur
264 1183 363 1246 omnis
378 1181 570 1261 mechanica,
597 1199 677 1262 quae
697 1191 834 1244 vocatur.
867 1179 957 1254 Quod
968 1181 999 1240 si
1014 1197 1106 1260 saepe
1121 1179 1228 1240 effecta

138 1285 260 1346 caussis
280 1286 331 1346 vel
351 1287 464 1346 maiora
487 1286 537 1347 vel
560 1287 677 1349 minora
698 1283 860 1365 videntur,
884 1283 918 1346 id
941 1304 977 1346 eo
997 1285 1047 1364 lit,
1074 1281 1158 1362 quod
1178 1281 1229 1342 vel
1321 1363 1325 1372 Ι

136 1405 245 1450 rerum
268 1387 430 1450 diversitas
452 1389 708 1469 comparationem
728 1408 789 1450 non
805 1388 954 1467 admittit,
981 1389 1031 1450 vel
1047 1387 1159 1449 virium
1174 1387 1228 1446 in-

140 1501 296 1554 crementa
320 1501 413 1572 atque
433 1492 654 1573 impedimenta
675 1491 781 1554 latent.
813 1489 901 1552 Vnde
915 1509 996 1572 quae
1010 1492 1150 1552 nascitur
1165 1490 1228 1550 mi-

143 1597 225 1676 ratio,
242 1596 337 1658 simul
348 1605 379 1658 et
389 1597 590 1677 ignorantiam
602 1602 748 1675 nostram,
765 1603 795 1656 et
806 1595 1028 1673 necessitatem,
1049 1611 1110 1674 qua
1122 1593 1227 1654 effecta

140 1700 328 1779 requirimus
344 1700 462 1762 caussis
478 1700 632 1780 aequalia,
658 1698 846 1779 comprobat.
880 1699 987 1777 ltaque
1008 1715 1158 1759 numerus
1180 1705 1228 1758 est

139 1801 375 1864 efficientia
401 1819 472 1882 per
497 1803 789 1883 aequalitatem
812 1811 1033 1880 temporum
1056 1817 1227 1881 reprae-

140 1912 314 1968 sentata.
340 1904 457 1968 Eodem
468 1905 558 1967 modo
569 1923 730 1986 corporum
743 1905 935 1966 cohaerentia
950 1904 1134 1986 aequalitate
1150 1905 1228 1965 niti-

143 2017 203 2069 tur.
234 2010 312 2070 Nam
327 2025 425 2089 quum
443 2009 634 2072 cohaerentia
650 2009 690 2070 sit
705 2009 878 2070 communio
893 2009 1046 2088 partium,
1065 2011 1227 2070 commune

145 2121 244 2172 autem
264 2115 305 2174 sit
325 2110 415 2191 illud,
442 2110 526 2191 quod
547 2113 580 2172 in
599 2110 743 2174 omnibus
762 2110 905 2191 partibus
924 2110 1007 2174 idem
1027 2111 1150 2191 sibique
1171 2129 1229 2192 par

142 2223 202 2275 est:
216 2217 425 2278 necessarium
438 2223 494 2294 est,
511 2225 546 2276 ut
557 2215 759 2293 cohaerentia,
775 2233 855 2295 quae
867 2215 930 2276 sola
943 2233 1103 2297 corporum
1116 2216 1222 2296 ligura,

137 2319 157 2380 i.
184 2339 211 2380 e.
239 2320 409 2400 spatiorum
434 2318 638 2398 descriptione
664 2319 870 2398 exprimatur,
900 2338 1063 2381 commune
1089 2317 1168 2380 illud
1195 2321 1225 2380 iu

135 2424 365 2503 comparatione
395 2423 516 2502 aequali
547 2423 716 2502 spatiorum
747 2422 867 2484 haheat.
912 2423 1018 2503 ltaque
1048 2423 1225 2502 symmetria

134 2526 402 2588 cohaerentia
424 2534 472 2588 est
493 2542 563 2605 per
588 2525 882 2606 aequalitatem
909 2526 1133 2606 spatiorum
1156 2543 1226 2584 re-

133 2639 417 2710 praesentata.

223 2834 296 2919 59.
328 2839 371 2899 lta
387 2839 532 2900 universa
544 2836 665 2898 numeri
681 2837 940 2916 symmetriaeque
956 2844 1067 2899 natura
1086 2834 1221 2916 delinita,
1291 2887 1294 2897 .

134 2959 236 3020 quum
260 2939 300 3002 de
322 2941 452 3020 singulis
473 2941 610 3002 numeris
633 2939 801 3020 figurisque
824 2941 1030 3018 symmetricis
1056 2925 1235 3020 loquimur,

135 3061 288 3106 numerus
308 3054 357 3106 est
378 3045 507 3124 imago
529 3044 653 3106 seriei
675 3043 914 3124 effectuum,
940 3063 1131 3124 expressa
1153 3063 1226 3124 per

135 3147 421 3226 aequalitatem
451 3157 687 3227 temporum;
729 3149 905 3227 symmetria
936 3157 1056 3226 autem,
1098 3149 1225 3226 imago

135 3251 586 3314 sericicohaerentium
604 3253 795 3331 partium,
821 3252 1046 3329 spatiorum
1067 3269 1224 3331 aequa-

134 3351 258 3414 litate
280 3369 486 3433 expressa.

527 3511 834 3520 m..

586 3654 700 3724 GAP.
717 3653 771 3724 11.

339 3806 398 3876 De
425 3806 533 3890 arsi,
562 3805 698 3891 thesi,
726 3816 769 3875 et
796 3805 1014 3876 anacrusi.

213 3974 247 4055 -ἐ
263 3973 316 4038 10.
343 3977 592 4038 Demonstratum
603 3983 661 4056 est,
680 3977 857 4055 primariam
871 3975 992 4036 numeri
1004 3976 1223 4054 symmetriae-

137 4095 201 4156 que
216 4078 313 4158 legem
328 4081 360 4140 in
373 4079 557 4160 aequalitate
570 4088 742 4159 temporum
754 4080 986 4159 spatiorumque
997 4079 1127 4158 positam
1140 4097 1217 4138 esse.

138 4179 203 4240 Sed
217 4183 273 4243 etsi
288 4183 354 4243 sine
370 4182 426 4243 hae
441 4182 625 4262 aequalitate
645 4201 702 4243 nec
722 4201 872 4245 numerus
887 4183 1011 4260 cogitari
1025 4188 1140 4260 potest,
1166 4199 1224 4240 nec

138 4287 332 4365 symmetria,
358 4295 461 4346 tamen
482 4286 536 4364 qui
551 4303 716 4364 numerus,
743 4303 862 4364 quaeve
884 4285 1059 4362 symmetria
1082 4284 1139 4344 hac
1159 4283 1223 4343 sola

144 4400 149 4408 ,
979 4402 1017 4451 ¹,
