2922 4948
392 383 428 424 nc
443 382 661 424 ccurosrrrorrs
678 381 864 426 eruerctur.
1110 366 1168 428 201

76 537 276 631 tam‘regulis
287 535 476 617 quibusdam
491 535 709 618 comprehendi
721 545 863 616 possunt,
879 554 972 617 quam
989 556 1084 600 sensu
1095 557 1172 619 per-

75 643 255 720 cipiuntur,
287 639 372 722 unde
399 640 517 703 infinita
546 641 632 722 copia
662 640 912 702 observationum
939 640 1036 720 colligi
1058 649 1167 720 potest.

74 746 256 808 Meminisse
272 753 376 806 autem
392 752 520 824 oportet,
540 763 633 826 saepe
649 743 730 806 idem
746 763 843 824 genus
862 746 992 822 numeri,
1012 752 1104 823 prout
1118 753 1173 806 aut

74 851 184 929 ipsum
201 847 291 910 alitor
306 856 471 925 tractatur,
497 848 633 909 aut-aliis
649 849 841 910 consociatur
855 849 1009 928 numeris,
1034 847 1125 908 aliam
1141 858 1172 909 et

75 970 174 1033 saepe
192 951 377 1012 contrariam
392 960 535 1014 naturam
551 949 691 1012 induere.

166 1154 284 1239 5550.
312 1159 512 1221 Tractatio
527 1159 637 1239 partim
655 1159 686 1220 in
701 1159 830 1238 singulis
846 1159 993 1235 numeris,
1012 1159 1123 1239 partim
1140 1159 1170 1220 in

73 1264 219 1344 plurium
232 1281 432 1324 numerorum
445 1247 657 1324 coniunctione
670 1263 815 1324 cernitur.
842 1264 875 1322 ln
891 1261 1024 1341 singul
1034 1261 1067 1322 is
1090 1279 1141 1322 nu
1150 1297 1170 1306 -

76 1367 204 1427 meris
227 1367 401 1428 continetur
422 1347 730 1444 terminatione,
756 1385 855 1446 eaque
877 1373 916 1426 et
944 1365 1069 1426 totius
1093 1385 1171 1426 nu-

76 1471 173 1531 meri
190 1478 228 1531 et
243 1469 502 1532 membrorum
518 1469 602 1532 eius:
623 1479 688 1533 tum
704 1487 977 1531 mensurarum
995 1468 1166 1546 vicibus;

75 1571 1166 1653 deniquelicentiisquaesuntincaesuraeobservatione,

75 1679 112 1737 in
139 1677 360 1738 mutatione
389 1695 615 1756 mensurae,
641 1678 672 1738 in
696 1685 1004 1756 temperamento
1027 1696 1171 1757 proso-

75 1781 178 1842 diae.
229 1781 262 1839 ln
284 1779 458 1859 plurium
481 1788 585 1843 autem
613 1797 863 1842 numerorum
892 1783 1170 1843 coniunctione

74 1884 220 1969 tractatio
243 1891 385 1945 versatur
406 1885 437 1945 in
467 1884 716 1964 congruentia
745 1903 961 1964 numerorum,
989 1886 1166 1965 innexu,

75 1991 108 2048 in
132 1989 408 2068 proportione,
434 1996 589 2068 quaeant
618 1985 876 2067 longitudinis
899 1997 962 2068 est,
988 1997 1042 2051 aut
1068 2007 1169 2070 pon-

74 2091 193 2153 deris.

166 2294 282 2378 5551.
310 2297 550 2360 Terminatic
581 2298 701 2360 totius
730 2301 899 2379 numeri,
931 2299 1076 2379 quoniam
1099 2301 1168 2360 linis

74 2404 200 2464 numeri
217 2402 380 2480 cuiusque,
402 2400 667 2462 resonantibus'in
682 2421 757 2463 anre
773 2401 965 2483 aliquamdiu
980 2403 1164 2480 novissimis,

75 2507 180 2586 iisque
202 2505 337 2584 speciem
358 2505 451 2567 totius
473 2506 595 2567 numeri
616 2505 849 2586 perficientibus
872 2507 970 2586 sonis,
994 2505 1167 2568 distinctius

74 2609 281 2688 exactiusque
294 2605 469 2688 exauditur,
480 2609 645 2688 praecipua
660 2626 733 2668 cura
747 2608 871 2688 indiget.
896 2608 982 2672 Vnde
994 2629 1056 2670 nou
1067 2609 1167 2672 solum

73 2711 311 2792 diligentissimo
327 2729 470 2774 mensura
487 2711 645 2773 observari
661 2712 754 2789 solet,
779 2711 836 2773 sed
852 2713 984 2775 multum
1005 2713 1096 2775 etiam
1113 2731 1168 2774 ro-

75 2816 151 2893 lert,
177 2833 272 2894 quam
294 2815 416 2876 numeri
436 2815 707 2878 conformationem
734 2815 847 2878 habeat
868 2817 1050 2878 terminatio.
1091 2817 1167 2877 Ele-

73 2919 257 2998 gantissime
273 2927 321 2980 est
333 2919 515 2998 terminatio,
535 2936 615 2999 quae
631 2919 665 2980 lit
680 2918 786 2980 ordine
803 2921 987 3000 catalectico,
1004 2929 1038 2982 ut
1053 2923 1167 2982 romis-

74 3025 139 3084 sior
161 3023 192 3082 in
215 3023 286 3084 fine.
321 3021 384 3084 Sed
405 3023 437 3083 in
459 3022 619 3085 trochaicis
635 3023 789 3103 numeris,
816 3023 900 3104 quod
919 3042 1016 3104 genus
1037 3043 1099 3086 non
1120 3036 1168 3088 cst

74 3127 262 3204 vehemens,
282 3127 374 3187 etiarn
390 3125 576 3187 acatalectus
592 3126 666 3189 ordo
682 3127 848 3190 offensione
864 3115 970 3190 caret*
990 3129 1167 3191 Vehemen-

75 3231 135 3289 tior
151 3228 297 3308 dactylus
313 3237 375 3291 est:
401 3228 486 3290 unde
501 3230 597 3291 rarior
612 3231 643 3290 in
658 3231 714 3292 hoc
729 3250 858 3293 numero
873 3231 1040 3293 acatalecto
1055 3233 1166 3293 termi-

75 3333 170 3396 natio.
203 3332 297 3395 Multo
315 3333 525 3395 vehementior
544 3352 643 3411 paeon
664 3323 799 3413 primu's:
824 3352 920 3412 quare
941 3333 990 3394 hic
1010 3353 1165 3413 nusquam

75 3437 144 3497 finit
159 3453 297 3497 versum.
330 3438 470 3516 Magnam
486 3436 712 3497 contentionem
728 3437 891 3517 requirunt
906 3435 1029 3498 ordines
1045 3437 1165 3516 hyper-

75 3539 233 3618 catalecti,
259 3539 299 3600 oh
314 3557 446 3618 comque
468 3557 610 3601 caussam
627 3538 717 3601 valde
739 3542 799 3600 rari
815 3547 898 3600 sunt.
932 3540 988 3600 Est
1004 3542 1095 3602 etium
1112 3540 1165 3602 ubi

75 3643 263 3703 acatalectus
280 3641 364 3722 ordo,
384 3645 529 3722 quoniam
546 3643 598 3722 qui
615 3645 787 3723 praegressi
804 3651 886 3723 sunt,
907 3651 1050 3723 magnam
1068 3644 1166 3706 vehe-

77 3744 224 3806 mentiam
240 3745 372 3823 habent,
398 3745 545 3806 leniorem
560 3745 694 3826 exitum,
720 3766 814 3828 quam
829 3747 890 3824 illi,
915 3746 984 3810 licet
999 3748 1165 3810 catalectici

75 3849 153 3927 sint,
177 3847 342 3928 praebeat,
367 3848 492 3910 suavior
507 3855 609 3909 tamen
625 3857 656 3910 et
671 3850 803 3930 mollior,
828 3851 855 3912 si
875 3851 934 3913 alio
950 3851 1040 3914 modo
1056 3852 1165 3913 remit-

74 3962 173 4031 tatur,
193 3959 229 4012 ut
244 3951 275 4012 in
291 3951 355 4013 his:

160 4064 266 4156 μηδὲν
281 4059 365 4133 dtto
389 4060 554 4156 φυτεύσῃς
576 4063 740 4156 πρότερον
762 4069 915 4158 δένδρεον
936 4067 1086 4159 ἀμπέλω.

104 4231 109 4240 ,
163 4171 261 4238 δεῦτε
285 4194 351 4250 νυν,
376 4164 480 4256 ἁβραὶ
502 4163 657 4254 Χάριτες,
680 4167 881 4258 καλλίκομοί
901 4201 938 4242 oc
959 4178 1105 4244 Μοῖσαι.
