2930 4962
327 380 364 419 Illi
380 379 506 421 laubicis
522 379 713 422 mouonurltts
730 380 765 420 ΕΤ
781 381 927 424 aluums.
1132 361 1172 424 ⁴13

165 531 191 614 ᾗ
211 529 286 596 133.
314 533 427 593 Comici
439 534 470 593 in
484 531 629 594 omnibus
641 531 786 612 podibus,
803 543 931 614 excepto
943 534 1061 611 ultimo,
1080 535 1172 595 etiam

46 619 51 638 ⁶
74 644 289 716 anapaestum
301 634 477 699 admittunt.
504 637 547 697 lta
561 635 689 716 quidem
702 636 826 697 metrici.
852 635 915 698 Sed
927 656 968 697 ax
978 635 1035 698 hac
1051 654 1083 698 rc
1095 655 1174 698 cou-

75 747 272 818 sequuntur,
292 759 372 820 quaa
388 741 465 803 lalsa
481 760 549 802 esse
564 750 596 802 et
612 757 762 801 numerus
776 740 853 818 ipsc,
872 748 904 802 ot
919 741 1083 802 auctoritas
1095 759 1175 818 poc-

75 852 185 903 tarum
207 842 352 904 ostendit.
394 845 470 906 Nam
493 846 520 906 si
543 852 729 926 anapaestus
752 843 896 904 omnibus
919 844 992 904 locis
1015 843 1171 927 recipitur,

74 949 212 1036 necesse
234 954 297 1026 est,
323 965 501 1026 praegressa
526 948 627 1009 soluta
649 947 727 1019 arsi,
755 955 785 1008 et
805 946 933 1027 proinde
956 945 1111 1008 tribracho
1129 947 1175 1008 vel

75 1047 207 1129 dactylo
219 1059 422 1130 anapaestum
431 1050 646 1131 praecedente,
658 1057 804 1130 quattuor
814 1051 847 1111 iu
859 1051 936 1112 thesi
949 1049 1084 1132 syllabas
1093 1069 1171 1130 esse,

75 1151 165 1237 quod
181 1171 315 1214 numero
331 1154 483 1216 trochaico
503 1164 661 1237 repugnat.

166 1257 249 1301 υύυ
264 1263 337 1302 va:
608 1272 634 1302 υ
659 1255 682 1302 .’.
712 1271 737 1301 υ
768 1293 789 1304 -

167 1378 248 1422 ‚dm
262 1389 335 1422 υυ-
611 1391 694 1458 ..pm
709 1391 787 1424 υυ-

79 1483 188 1560 ltaque
212 1487 297 1540 recte
312 1480 473 1541 Dawesius
496 1480 527 1539 in
547 1481 627 1542 lliso.
653 1483 720 1544 orit.
743 1503 774 1564 p.
788 1483 861 1542 ato.
888 1491 979 1560 negat
1000 1481 1056 1542 hos
1079 1479 1175 1559 podes

86 1585 252 1646 consociari
282 1601 383 1661 posse.
426 1583 538 1646 Contra
566 1584 722 1646 tribracho
752 1594 955 1663 anapaestum
981 1603 1170 1666 praegresso,

86 1689 147 1749 ictu
162 1696 269 1748 autem
286 1688 319 1747 iu
334 1686 441 1748 ultima
457 1687 602 1748 tribrachi
618 1687 773 1769 collocato,
792 1687 877 1769 quod
886 1689 982 1750 Latini
999 1697 1081 1749 certe
1097 1706 1175 1766 poe-

84 1799 132 1851 tae
144 1791 328 1870 saepissime
341 1789 466 1868 iaciunt,
479 1790 584 1852 salvus
597 1801 701 1854 manet
709 1811 858 1855 numurus
871 1792 1052 1868 trochaicus,
1065 1791 1175 1851 metri-

85 1912 192 1955 corum
204 1902 309 1955 autcm
325 1893 462 1956 doctriua
475 1895 633 1973 evertitur,
653 1914 714 1956 non
731 1895 893 1957 [orontium
906 1894 1176 1976 pedumquattuor

89 2005 276 2076 temporum:

178 2113 225 2144 νυ
242 2102 318 2146 &w
339 2135 360 2145 ..
589 2102 701 2146 vedu
711 2117 757 2145 υ-

175 2219 360 2266 υυέυ-
589 2219 756 2266 υυέυ.

88 2323 164 2384 lliuc
178 2331 324 2402 apertum
340 2332 404 2402 cst,
423 2341 526 2386 errare
542 2323 701 2403 metricos,
721 2333 753 2386 ot
767 2323 1018 2403 praceipiendum
1035 2343 1102 2386 esso
1118 2325 1171 2401 sic,

85 2425 264 2487 trochaeum
274 2427 306 2488 iu
319 2428 425 2488 motrls
438 2427 576 2489 iambicis
584 2429 768 2490 comicorum
781 2429 962 2489 commutari
973 2445 1044 2488 cum
1053 2426 1175 2506 dactylo
1267 2469 1273 2480 .

84 2530 270 2608 irrationali3
298 2531 317 2591 i.
337 2551 364 2592 e.
390 2531 551 2592 imminuta
574 2531 763 2612 syllabarum
787 2549 931 2592 mensura
948 2549 1043 2611 prope
1059 2528 1099 2590 ad
1114 2529 1174 2589 tri-

85 2632 236 2696 brachum
252 2633 399 2696 accedero
421 2632 466 2718 (ᾗῇ
480 2636 530 2694 33.
545 2635 624 2714 35.l.
651 2635 698 2694 Ex
713 2653 775 2714 quo
791 2636 941 2714 sequitur,
961 2633 1016 2694 ubi
1031 2632 1173 2711 dactylus

88 2737 134 2798 illc
144 2737 332 2816 admittitur,
351 2739 434 2799 arsin
448 2738 525 2799 solvi
540 2755 602 2798 non
617 2755 718 2818 posse.
746 2740 852 2816 ltaque
865 2737 983 2818 duplex
994 2745 1043 2798 est
1053 2738 1175 2797 numeri

91 2840 207 2902 iambici
238 2841 323 2922 apud
343 2843 473 2902 comicos
496 2841 607 2918 lorma,
639 2849 768 2919 excepto
796 2841 904 2904 ultimo
924 2841 1004 2920 pedo
1028 2859 1174 2902 versuum

88 2946 338 3022 acatalectorum‚
358 2945 412 3024 qui
427 2963 550 3025 semper
564 2963 663 3024 purus
678 2943 802 3007 iambus
817 2953 878 3006 est:

196 3042 223 3092 0
248 3046 273 3092 „¹
287 3062 314 3094 υ
337 3083 358 3094 -
565 3042 590 3092 Q
612 3047 663 3094 Lu
687 3085 708 3094 -

170 3184 223 3215 W
232 3183 285 3214 W
599 3180 672 3215 -W

477 3413 786 3421 Μ

509 3589 619 3658 cAP.
638 3591 753 3664 XIII.

173 3744 233 3812 Dc
260 3743 463 3814 iambicis
492 3743 780 3812 monometris
808 3752 850 3812 et
877 3743 1090 3812 dimetria.

175 3909 291 3990 §idi
333 3914 563 3974 llonometri
593 3903 755 3974 iambici
786 3932 875 3976 rarus
906 3922 953 3974 est
982 3931 1059 3976 usus
1088 3911 1173 3990 apud

94 4032 197 4074 omnes
229 4025 344 4094 poetas.
393 4016 522 4094 Saepius
556 4025 659 4077 tamen
694 4019 725 4078 in
761 4017 936 4098 systematis
973 4014 1174 4076 dimetromm

95 4116 264 4189 iuvenitur·
