2930 4962
509 401 546 444 na
561 401 696 445 rnstrrs
711 401 851 446 crartms.
1184 387 1224 447 07

136 555 211 616 latis
226 554 417 616 statuebant.
445 556 581 617 Vtuntur
594 565 699 618 autem
715 557 841 618 Creticis
856 565 888 618 et
901 556 1000 635 lyrici,
1019 565 1051 618 et
1065 558 1180 637 magici,
1199 566 1230 619 et

135 659 266 736 comici3
285 657 455 737 paeonibus
466 659 574 737 primis
585 661 692 721 cunici
709 661 853 738 maxime,
872 677 984 740 genere
999 662 1120 720 numeri
1135 659 1227 723 valde

136 761 268 824 volubili
291 769 322 823 et
335 762 441 839 hilari;
467 764 586 844 quartis
607 773 730 843 autem,
753 779 886 843 quorum
908 781 1019 843 magna
1034 763 1228 829 vehementia

133 876 202 944 est,
221 866 326 946 tragici
341 867 545 946 potissimum.
778 869 781 875 ’

224 1087 248 1169 5
264 1085 342 1154 200.
368 1091 520 1164 Quoniam
537 1108 593 1172 pes
602 1090 739 1152 Creticus
751 1107 807 1170 per
822 1109 856 1152 se
871 1089 946 1154 ordo
961 1091 1155 1154 catalecticus
1167 1104 1224 1174 est,

134 1193 325 1273 plerumque
348 1211 458 1260 versus
473 1195 584 1257 Cretici
608 1194 666 1256 hoc
687 1195 754 1273 ipso
776 1192 857 1278 pede
879 1194 1100 1274 terminantur,
1126 1215 1229 1276 neque

133 1297 229 1358 aliam
242 1297 395 1366 catalexin
410 1297 536 1359 habent.
562 1295 625 1358 Sed
639 1298 841 1380 inveniuntur
855 1307 958 1360 wmen
974 1315 1043 1360 raro
1058 1299 1148 1360 etiam
1165 1317 1228 1369 uno

135 1401 282 1462 trochaeo
305 1400 477 1479 terminati,
503 1401 556 1480 qui
580 1401 646 1463 iure
663 1401 836 1463 oamleotioi
858 1399 917 1462 dici
931 1410 1078 1480 possunt;
1106 1412 1160 1465 aut
1174 1402 1228 1465 di-

15 1515 16 1520 ’
135 1503 231 1584 podia
261 1503 432 1583 trochaica,
459 1503 513 1586 qui
535 1503 792 1586 hypercatalecti,
824 1511 859 1564 ut
881 1499 966 1584 apud
988 1501 1173 1584 Aeschylum
1196 1508 1227 1567 in
1312 1593 1315 1600 1

137 1609 229 1670 Eum.
251 1607 323 1669 32i.

223 1716 323 1790 κλῦθ’
336 1746 342 1760 ·
367 1720 386 1789 A
408 1728 550 1803 Λατοῦς
569 1721 632 1811 γὰρ
653 1713 686 1789 i-

222 1821 274 1904 νές
295 1820 330 1910 μ’
352 1819 474 1912 ἄτιμον
494 1822 641 1916 τίθησιν.

225 2051 342 2138 5201.
377 2055 495 2118 Solutio
524 2053 623 2118 mullo
645 2052 836 2134 hequentiur
857 2065 905 2118 est
925 2055 957 2118 in
978 2057 1116 2120 seruum
1139 2057 1227 2139 pedis

148 2159 291 2240 cuiusque
307 2159 386 2240 arsi,
413 2177 506 2239 quam
528 2161 561 2220 in
580 2159 690 2238 prima.
724 2159 846 2220 Perrara
870 2169 917 2221 est
940 2161 1102 2242 utriusque
1124 2180 1227 2224 arseos
1265 2207 1267 2212 .

140 2261 255 2326 solutio.

223 2467 247 2549 ἐ
262 2465 340 2534 202.
368 2467 536 2532 Dimetri
558 2478 589 2530 et
611 2470 731 2549 tragicis
748 2479 778 2532 et
794 2472 917 2534 comicis
932 2472 1123 2532 usitatissimi
1139 2481 1222 2551 sunt,

135 2574 291 2635 coniuncti
315 2573 358 2634 illi
373 2571 435 2633 lere
451 2573 483 2632 in
498 2581 684 2653 systemata,
711 2574 751 2634 ita
769 2583 803 2634 ut
819 2571 926 2635 ultima
942 2593 1091 2636 versuum
1106 2575 1226 2654 syllaba

15 2667 16 2672 ’
133 2695 240 2758 neque
266 2693 379 2756 anceps
404 2677 461 2754 sit,
494 2693 596 2754 neque
622 2677 739 2738 hiatum
766 2677 922 2758 admittat,
953 2686 984 2738 et
1010 2676 1086 2738 solvi
1116 2681 1222 2756 possit.

135 2781 189 2842 llis
221 2781 253 2841 in
279 2781 455 2862 systematis
482 2779 573 2842 etiarn
605 2789 789 2841 monomeler
819 2779 1008 2844 adsciscitur.
1055 2781 1227 2862 Aeschylus

15 2977 16 2988 ρ
132 2883 246 2964 Suppl.
268 2884 340 2946 lii.

224 2997 414 3090 φρόντισον,

223 3103 282 3170 καὶ
298 3107 395 3191 γενοῦ
409 3098 581 3182 πανδίκως

224 3199 361 3297 &callio
376 3203 553 3294 πρόξενος·

222 3307 283 3378 τὰν
298 3307 433 3400 φυγάδα
447 3308 493 3401 μὴ
509 3311 656 3401 προδῷς,

222 3411 284 3482 τὰν
298 3411 422 3480 ἕκαθεν
438 3412 597 3505 ἐκβολαῖς

224 3513 381 3596 recalato
395 3511 547 3604 ὀρμέναν.

137 3645 177 3707 Vt
190 3645 315 3723 tragici,
334 3643 376 3704 ita
391 3643 498 3705 comici
514 3659 654 3723 quoque,
673 3637 757 3722 apud
772 3657 851 3720 quos
867 3639 1040 3722 frequentia
1061 3652 1136 3706 sunt
1150 3644 1226 3706 haeo

137 3755 324 3827 systemata,
342 3745 528 3826 plerumque
542 3751 701 3824 curarunt,
724 3753 760 3806 ut
774 3746 1005 3826 antisystemata
1021 3747 1149 3827 singulis
1165 3765 1226 3827 pe-

138 3849 233 3914 dihus
248 3848 481 3930 responderent,
500 3849 732 3930 solutionesque
747 3850 779 3908 in
794 3847 904 3911 iisdem
920 3850 994 3912 locis
1010 3849 1225 3914 adscisceren-

138 3965 199 4020 tur.
232 3951 329 4018 tidem
351 3952 555 4033 plerumque,
580 3960 616 4014 ut
637 3954 669 4015 in
687 3953 745 4018 hoc
759 3950 904 4032 Aeschyli
924 3954 1084 4034 exemplo,
1111 3953 1226 4016 ebiuis

138 4057 316 4139 quibusque
330 4055 467 4137 pedihus
482 4057 546 4118 iere
561 4057 704 4138 priorem,
724 4075 818 4136 quam
834 4059 1032 4136 posteriorem
1049 4057 1226 4120 maluerunt

138 4143 289 4242 paeonem
303 4178 392 4240 esse,
410 4160 484 4242 quia
499 4160 624 4224 suavior
639 4169 687 4222 est
701 4179 868 4240 numerus,
892 4161 946 4242 qui
962 4161 1117 4224 remissior
1131 4168 1179 4224 est
1194 4161 1226 4224 in

16 4289 17 4292 ¹
132 4265 217 4346 line,
236 4283 331 4346 quam
347 4264 402 4344 qui
416 4281 456 4326 ax
471 4263 645 4328 remissiore
661 4263 766 4326 fortior
781 4263 824 4325 lit.

15 4373 17 4398 l
985 4381 1018 4434 5*
