2922 4948
345 417 384 460 nn
399 415 540 463 srnornrs
556 411 637 458 rrum
653 415 689 458 nr
707 411 827 460 srcrnnr
842 413 975 462 ornnms.
1142 391 1206 461 209

116 573 198 651 hini,
225 571 317 633 modo
338 573 416 632 terni
438 589 547 631 versus
561 571 750 651 reohaerent‚
780 569 876 652 idque
897 581 978 633 certo
999 572 1122 652 ordine,
1152 573 1209 634 hoc

116 675 223 736 modo:

250 782 279 840 2.
334 780 364 840 2.
406 777 435 839 3.
476 779 506 840 2.
555 779 584 840 2.
649 781 678 840 3.
741 779 771 840 9.
820 781 849 840 2.
892 781 921 840 3.
963 779 992 840 2.
1041 779 1070 843 2.

259 869 1063 1219 Q&

202 1313 319 1398 §bib
358 1318 528 1379 Tertium
551 1335 668 1397 genus
691 1316 932 1397 stropharum
955 1319 1015 1378 iam
1038 1328 1069 1378 et
1091 1337 1208 1381 nume-

115 1439 221 1483 rorum
253 1422 430 1482 varietatem
458 1423 604 1482 maiorem
635 1431 666 1482 et
692 1422 930 1482 artificiosiorem
958 1422 1205 1502 compositionem

116 1525 242 1601 babuit,
270 1523 428 1604 pluribus,
447 1543 541 1604 quam
558 1534 629 1586 ante
645 1525 768 1586 solitum
785 1533 864 1603 erat,
884 1524 1029 1586 versibus
1045 1543 1104 1586 una
1122 1533 1206 1586 suo-

114 1629 175 1707 pha
193 1629 383 1688 coniunctis:
408 1625 493 1708 quod
508 1646 606 1707 genus
622 1628 823 1690 excoluerunt
837 1625 976 1707 Alcman,
1001 1629 1202 1706 Stesichorus,

115 1708 235 1812 dequo
252 1751 280 1792 v.
300 1729 317 1814 §
335 1734 421 1810 bid,
441 1729 563 1810 Ibycus.

205 1917 328 2001 5576.
375 1923 571 1994 Quartum
602 1920 738 2001 denique
764 1940 890 2002 genus
916 1941 969 1983 eas
995 1923 1208 2001 complectitur

116 2025 277 2105 stropbaS‚
307 2026 336 2084 in
364 2024 495 2106 quibus,
525 2024 648 2105 quoda
673 2025 771 2086 eboris
793 2025 1000 2105 canebantur,
1033 2012 1158 2088 summa
1178 2036 1209 2088 et

116 2139 287 2192 metrorum
302 2138 334 2188 et
348 2127 511 2190 modorum
527 2129 713 2191 musicorum
730 2147 781 2190 ars
796 2139 827 2192 et
840 2131 970 2190 varietas
986 2128 1202 2192 adhibebatur.

115 2234 231 2307 Quales
253 2242 327 2294 sunt
349 2231 486 2310 Pindari,
517 2230 701 2312 Simonidis,
728 2231 933 2313 Bacchylidis‚
960 2234 1207 2312 tragicorumque

115 2337 273 2417 strophae.
306 2335 345 2395 Et
360 2335 444 2414 lyrici
461 2334 586 2414 quidem
603 2337 660 2396 etsi
676 2337 767 2396 etiam
784 2335 1043 2415 monostroph
1054 2337 1111 2396 ica
1135 2355 1208 2397 car-

116 2443 200 2502 mina
217 2437 386 2516 iaciebant,
413 2440 432 2500 i.
452 2459 479 2500 e.
500 2439 531 2500 in
547 2438 661 2519 quibus
677 2439 785 2501 cadem
801 2457 924 2520 semper
940 2439 1064 2519 stropha
1081 2449 1208 2520 repete-

117 2553 219 2623 retur,
247 2553 350 2606 tamen
369 2543 554 2623 plerumque
575 2563 592 2604 e
599 2543 735 2624 podis,
763 2561 843 2622 quac
865 2543 1011 2604 feminino
1027 2561 1138 2622 genere
1154 2542 1207 2605 di-

117 2657 249 2728 cuntur,
276 2647 324 2708 usi
348 2656 440 2724 sunt,
467 2645 546 2709 duas
566 2647 707 2728 strophas
723 2646 833 2708 iisdem
848 2647 970 2726 metris,
990 2650 1117 2709 tertiam
1140 2648 1208 2708 aliis
1230 2661 1231 2667 ’

116 2752 281 2828 tamenne,
306 2769 422 2830 easque
443 2750 671 2814 vicissitudines
691 2748 801 2811 iisdem
823 2751 928 2812 metris
943 2769 999 2830 per
1019 2760 1118 2814 totum
1134 2769 1208 2812 car-

116 2875 190 2918 men
219 2863 397 2935 servantes,
430 2854 487 2916 hoc
516 2853 616 2916 modo.
656 2852 706 2917 A.
721 2851 770 2916 A.
786 2853 826 2914 Β.
844 2852 893 2917 A.
908 2851 957 2917 A.
973 2855 1014 2917 B.
1051 2855 1208 2918 invenisse

117 2962 198 3022 hanc
213 2956 361 3020 rationem
377 2956 491 3020 dicitnr
506 2958 713 3020 Stesichorus:
738 2954 823 3020 unde
844 2950 886 3020 τὰ
907 2950 984 3040 τρία
1003 2951 1208 3042 Στησιχόρου

117 3066 150 3126 in
165 3062 365 3145 proverbium
383 3080 505 3124 venere.
539 3059 584 3122 Ac
599 3060 725 3124 Suides:
750 3054 900 3147 ἑπῳδικὴ
923 3055 985 3146 γὰρ
1001 3063 1097 3124 πᾶσα
1112 3054 1132 3147 ἡ
1148 3063 1210 3125 τοῦ

117 3160 326 3252 Στησιχόρου
346 3158 492 3251 ποίησις.
523 3165 640 3244 Tragici
656 3164 800 3244 epodis
819 3166 918 3226 rarius
933 3167 982 3227 usi
998 3174 1081 3245 sunt,
1101 3174 1132 3228 et
1147 3166 1209 3228 iere

119 3280 240 3334 tantum
257 3271 287 3331 in
305 3270 365 3330 tine
381 3270 526 3330 carminis
542 3287 618 3330 una:
645 3267 800 3346 iidemque
821 3287 880 3329 non
898 3270 956 3330 nisi
972 3268 1051 3329 duas
1067 3268 1209 3347 strophas

118 3373 229 3436 iisdem
245 3375 352 3435 metris
368 3373 469 3435 facere
484 3373 593 3453 soient,
615 3371 749 3450 exempli
764 3388 873 3431 caussa
889 3371 947 3431 boc
963 3370 1070 3431 modo:
1095 3368 1144 3433 A.
1159 3369 1208 3432 A.

118 3475 490 3541 Β.Β.Γ.Γ.Δ.Δ.Ε.

541 3798 654 3879 cAP.
672 3809 781 3878 ΧΠ.

190 3949 250 4018 De
278 3945 479 4040 strophis
505 3943 634 4038 primi
661 3953 704 4012 et
730 3939 916 4013 secundi
943 3941 1134 4034 generis.

206 4100 231 4182 ξ
246 4096 325 4166 577.
351 4096 567 4177 Antiquissimi
582 4096 747 4176 lyricorum
764 4103 935 4175 poetarum,
950 4094 1009 4152 nisi
1025 4093 1101 4153 forte
1116 4092 1209 4151 etiam

118 4199 207 4268 κατὰ
229 4195 342 4282 στίχον
362 4204 495 4262 carmina
513 4198 732 4276 condiderunt,
757 4197 898 4274 strophas
913 4194 1065 4256 faciebant
1080 4213 1117 4254 ex
1134 4212 1209 4253 ver-

119 4311 208 4372 sibus
224 4317 279 4369 ant
294 4305 374 4368 idem
391 4313 445 4366 ant
460 4303 559 4364 simite
575 4310 707 4362 metrum
723 4299 921 4361 habentibus.

172 4423 403 4475 namnetensem
413 4421 483 4462 doctr.
494 4419 605 4460 metricae.
969 4415 1000 4464 14
