2896 4960
444 403 480 443 llll
496 402 628 444 vnnstnvs
647 401 816 444 durconem.

85 557 125 614 Et
141 556 175 616 in
190 556 388 616 Pherecrateo
405 555 468 615 llel.
492 558 582 615 lanu.
606 559 697 615 111111.

178 669 422 755 ἐπιπετόμενος
445 668 562 754 ιάκχεῖ.

176 774 282 864 ῥόθια
305 774 410 841 πολιὰ
432 771 621 852 θαλάσσας.

85 903 219 962 Vltimae
235 901 381 980 syllabae,
401 903 482 977 utin
498 902 563 962 llel.
586 903 678 961 ⁴505.
702 903 793 959 1599.

174 1023 259 1102 βᾶτε
280 1013 455 1095 Πλειάδας
476 1011 543 1083 ὑπὸ
565 1015 671 1099 με’σας

177 1117 350 1198 δοςκλείαν
372 1116 442 1187 dud
465 1117 633 1208 συγγόνου.

83 1249 148 1307 Νεο
172 1247 297 1327 dubito,
323 1249 398 1327 quin
419 1232 584 1328 aliquando
605 1247 696 1307 etiam
721 1256 883 1326 utramque
899 1247 1060 1326 solverint,
1087 1255 1123 1306 ut
1144 1247 1175 1306 in

83 1352 183 1412 altera
201 1351 308 1431 forma,
327 1349 366 1412 de
381 1369 441 1431 qua
458 1347 475 1431 §
493 1351 565 1410 l75.

174 1575 199 1655 ξ
215 1573 293 1638 412,
320 1575 353 1636 ln
369 1573 504 1636 secunda
522 1575 635 1636 lorma:

186 1725 206 1776 .'.
230 1689 455 1790 ,11ὖ1ῖνῦιέυυ-

84 1836 161 1897 ordo
178 1836 248 1914 ille,
275 1839 328 1916 qui
350 1844 420 1917 post
442 1836 530 1898 basin
547 1845 610 1915 est,
637 1847 668 1898 ot
690 1838 872 1899 solutionem
889 1857 992 1899 arseos
1008 1848 1038 1899 et
1054 1839 1177 1900 linalem

84 1941 253 2019 ancipitem
276 1940 418 2002 admittit.
455 1939 542 2002 Vnde
564 1959 620 2021 pro
642 1942 781 2001 trochaeo
804 1960 888 2002 nunc
910 1941 1068 2019 spondeus
1094 1960 1178 2004 nuno

85 2044 278 2124 tribrachus,
305 2054 336 2107 et
351 2046 383 2106 hi
398 2044 522 2125 quidem
540 2045 733 2124 saepissime,
760 2045 965 2124 nuncetiam,
992 2045 1047 2106 sed
1065 2047 1174 2126 rarius,

85 2157 275 2228 anapaestus
290 2151 425 2230 ponitur,
445 2151 525 2210 utin
541 2149 649 2210 Oreste
666 2165 695 2210 ν.
716 2151 788 2208 812.
810 2149 881 2210 821.

177 2261 379 2351 οἰκτρότατα
401 2266 594 2350 θοινάματα
617 2260 684 2331 καί.

177 2367 342 2457 Τυνδαρὶς
365 2366 502 2459 ι’άκχησε
523 2367 707 2436 τάλαι-να.

86 2496 151 2575 ipa.
172 2493 245 2556 Aur.
268 2497 360 2557 ron.
384 2498 475 2558 rora.

172 2608 334 2698 Πιερίδες
355 2610 390 2676 ἐν
411 2613 505 2679 δαιτὶ
525 2618 627 2680 θεῶν.

173 2715 298 2792 παῖδας
321 2712 504 2796 Θεσσαλαί,
526 2714 612 2803 μέγα
636 2721 719 2804 φῶς.

172 2959 289 3043 5473.
327 2963 385 3024 Vbi
407 2962 549 3042 dactylus
571 2963 621 3023 hic
643 2981 699 3043 pes
721 2971 783 3042 est,
810 2961 979 3025 videndum
1003 2983 1041 3025 ne
1066 2986 1176 3030 versus

84 3088 148 3129 non
165 3069 229 3128 sint
244 3066 400 3146 Glyconei,
419 3076 456 3128 ut
470 3068 500 3127 in
518 3069 582 3146 lph.
603 3069 693 3128 Taur.
717 3068 809 3128 1092.
831 3069 923 3129 1109.

174 3179 347 3263 εὐξύνετον
370 3185 532 3263 ξυνετοῖσι
555 3181 648 3268 βοάν.

174 3281 363 3371 οὐλομένων
386 3285 434 3354 ἐνὶ
456 3287 571 3353 ναυσὶν
593 3283 682 3370 ἔβαν.

83 3415 144 3486 Qui
160 3412 303 3492 dactylici
319 3413 422 3494 potius
438 3432 507 3473 esse
524 3411 677 3473 videntur.
712 3411 780 3472 Ven'
796 3411 895 3471 simile
910 3422 958 3472 est
973 3421 1093 3492 tamen,
1120 3431 1175 3474 re-

84 3517 251 3578 centiorem
269 3514 455 3596 tragoediam
468 3517 559 3577 etiam
575 3517 607 3574 in
619 3515 781 3594 Glyconeis
796 3514 951 3575 interdum
965 3515 1047 3575 hunc
1062 3515 1174 3595 pedem

85 3619 243 3699 dactylum
261 3619 385 3681 iecisse:
409 3617 515 3701 vide§
534 3620 604 3680 168.

172 3859 290 3944 5474.
328 3861 547 3939 Choriamhus,
577 3863 686 3941 quiin
712 3861 769 3922 hac
790 3859 886 3923 lorma
912 3862 1052 3924 ultimum
1074 3864 1175 3925 locum

2 4021 5 4026 .
87 3977 180 4047 tenet,
199 3987 260 4029 non
277 3965 403 4029 videtur
417 3967 448 4025 in
464 3965 627 4026 Molossum
644 3973 781 4026 mutatus
796 3983 874 4025 esse.
906 3965 985 4026 Nihil
1001 3968 1082 4025 enim
1099 3984 1175 4043 pro-

87 4072 141 4132 hat
157 4073 251 4153 Soph.
271 4070 373 4148 Antig.
396 4072 466 4130 103.
489 4069 559 4130 1211.

173 4184 327 4277 ἐφάνθης
349 4180 437 4267 πότ’,
461 4175 488 4250 ὦ
510 4182 660 4272 χρυσέας,

174 4289 248 4378 ἔβα,
274 4287 355 4376 πρίν
377 4283 463 4356 ποθ’
487 4283 665 4375 ἁμετέρων,
