2930 4962
243 352 281 412 12
666 369 721 410 nro.
742 369 761 410 r.
788 369 850 410 cnr.
870 368 897 408 r.

325 521 419 605 §aa
452 519 604 600 Anceps
621 539 775 600 mensura,
800 523 866 584 sive
882 511 1079 607 ἀδιάφορος,
1104 521 1225 599 dicitur,
1245 539 1326 600 quae

240 627 317 688 nihil
332 628 459 689 interest
473 625 562 705 longa
578 644 618 686 an
633 625 737 688 brevis
752 625 807 688 sit:
830 623 870 687 de
886 643 947 705 qua
963 623 1083 688 dicetur
1097 625 1185 686 inira.
1219 625 1326 684 lrra-

240 730 404 792 tionalis
431 747 592 806 mensura,
623 728 687 790 sive
709 716 845 810 ἄλογος,
875 747 912 790 ea
933 737 1073 807 vocatur,
1101 720 1181 808 quae
1202 725 1327 789 brevior

240 835 344 914 longa:
370 833 484 913 longior
498 831 585 893 brevi
601 842 657 893 est.
690 829 880 912 argutantur
893 832 925 892 in
941 832 999 893 hac
1012 829 1162 893 Aristides
1183 849 1213 910 p.
1236 832 1274 891 l5
1296 839 1328 892 et

239 936 419 1000 scholiastes
430 935 666 1017 ¹Hephaestionis
681 954 713 1014 p.
730 937 780 996 78.
818 936 914 997 Vsum
930 955 965 996 ea
982 934 1075 996 hahet
1090 935 1121 994 in
1137 931 1325 1014 quibusdam

188 1025 189 1030 ἵ
239 1039 378 1102 numeris
393 1038 561 1118 dactylicis,
581 1048 647 1100 tum
662 1037 695 1101 iu
710 1038 893 1100 comicorum
911 1037 1021 1100 iambis
1037 1037 1256 1116 trochaeisque.

629 1263 937 1272 ——-—-—-—

691 1440 804 1510 OAP.
823 1441 871 1509 V.

412 1593 469 1662 De
497 1592 825 1686 permutat-ione
852 1614 1140 1663 numerorum.
1201 1573 1205 1583 Δ

325 1759 418 1844 934.
445 1763 570 1824 Numeri
587 1772 694 1824 natura
709 1743 765 1824 sua
782 1762 990 1824 immutabiles
1005 1771 1088 1823 sunt.
1114 1763 1180 1824 Non
1196 1772 1327 1841 possunt

239 1869 321 1929 enim
344 1885 486 1928 caussam
509 1867 540 1926 in
563 1885 596 1926 se
617 1867 787 1944 continere,
819 1884 914 1945 quare
937 1867 1029 1928 ctiam
1051 1865 1101 1927 alii
1123 1867 1200 1944 sint,
1231 1883 1325 1945 quam

240 1979 322 2034 sunt.
360 1968 449 2042 Quod
476 1970 502 2030 si
523 1978 740 2048 permutantur
766 1968 891 2050 quidam
917 1971 1052 2049 numeri,
1083 1968 1209 2031 arbitrio
1235 1968 1267 2030 id
1293 1970 1327 2031 fit

239 2073 392 2136 utentium
414 2072 566 2151 numeris,
592 2072 648 2134 scd
669 2089 713 2135 eo'
726 2073 867 2134 idoneam
888 2073 1035 2136 rationem
1058 2082 1171 2136 secuto.
1203 2075 1280 2135 Nam
1296 2082 1327 2135 et

238 2195 356 2257 pares
378 2195 446 2238 esse
468 2174 600 2255 debent,
626 2178 680 2255 qui
702 2185 918 2257 permutantur
940 2176 1074 2254 numeri,
1100 2177 1119 2236 i.
1139 2197 1166 2237 e.
1185 2176 1326 2239 eiusdem

135 2341 137 2346 .
240 2298 419 2356 mensurae3
446 2287 477 2341 et
491 2279 655 2357 similos,
682 2281 702 2341 i.
722 2300 748 2341 e.
770 2281 823 2360 qui
838 2279 955 2341 modica
973 2297 1044 2340 cum
1059 2280 1227 2342 variatione
1242 2280 1325 2342 idem

239 2385 360 2446 allicere
375 2381 549 2444 videantur.

324 2587 417 2671 535.
451 2591 666 2653 Permutantur
685 2593 804 2653 numeri
821 2591 868 2652 his
884 2589 992 2652 modis.
1018 2591 1117 2652 Primo
1134 2609 1201 2671 per
1215 2607 1325 2652 rece-

239 2697 414 2777 ptionem
434 2704 659 2774 temporum
681 2694 997 2758 irrationalium.
1024 2692 1058 2755 ld
1073 2692 1197 2756 videtur
1212 2694 1278 2755 fieri
1293 2695 1325 2756 in

239 2799 377 2861 numeris
393 2796 580 2878 quibusdam
597 2798 765 2878 trochaicis,
782 2797 966 2878 disyllabam
983 2798 1084 2859 thesin
1096 2797 1145 2858 vel
1160 2799 1325 2860 anacrusin

239 2921 294 2983 pro
307 2901 513 2980 monosyllaba
527 2896 773 2980 admittentibus,
789 2901 896 2982 quales
911 2909 986 2963 sunt
1000 2901 1129 2962 trimetri
1141 2902 1325 2964 comicorum

239 3006 441 3081 Graecormn;
470 3005 661 3083 Latinorum,
688 3005 895 3084 antiquiorum
918 3004 1060 3084 quidem,
1086 3024 1193 3066 omnes
1216 3023 1326 3068 versus

238 3108 384 3170 trochaici
400 3115 493 3186 atque
508 3107 647 3169 iambici:
673 3109 705 3170 in
727 3107 841 3187 quibus
860 3107 1003 3186 dactylus
1023 3117 1054 3170 el
1068 3117 1254 3188 anapaestus
1269 3127 1326 3188 pro

239 3211 380 3274 trochaeo
402 3220 434 3272 ot
454 3211 555 3272 iambo
578 3212 683 3291 positi,
709 3209 789 3274 duas
810 3211 922 3272 breves
942 3210 1079 3292 syllabas
1100 3211 1325 3292 propemodum

239 3316 293 3378 uni
309 3314 408 3394 brevi,
428 3333 507 3395 quae
523 3315 603 3377 iusta
619 3333 763 3376 mensura
780 3317 829 3395 sit,
848 3333 938 3395 pares
954 3313 1078 3378 habent.

325 3517 417 3602 §ab
455 3520 596 3584 Secundo
622 3540 694 3603 per
720 3523 962 3585 solutionem
988 3541 1124 3584 arsoos
1151 3524 1200 3584 vol
1226 3543 1326 3586 cou-

239 3627 479 3687 tractionem
502 3624 679 3704 theseoS,
706 3645 838 3707 quorum
855 3627 986 3688 alterum
1002 3627 1034 3687 in
1049 3626 1221 3704 trochaicis,
1241 3627 1325 3689 altc-

217 3724 220 3729 ’
239 3747 308 3790 rum
324 3730 355 3790 in
372 3727 532 3808 dactylicis
547 3731 684 3791 numeris
700 3731 766 3792 fieri
781 3731 875 3792 solet:

325 3830 374 3878 Lu
528 3830 602 3878 Lw

324 3937 401 3980 &w

325 4138 417 4222 537.
454 4145 552 4204 Tertio
574 4162 641 4223 per
663 4145 901 4205 solutionem
923 4161 1054 4205 arseos
1076 4145 1323 4204 coniunctam

239 4263 323 4306 cum
349 4245 509 4307 theseos
536 4247 824 4311 contractione.
861 4246 951 4320 Quod
978 4247 1013 4308 fit
1039 4247 1070 4307 in
1092 4245 1250 4325 dactylicis
1273 4247 1321 4326 iis,
