2930 4962
289 329 328 388 44
691 345 746 386 ιιι.
768 345 800 388 ιι.
835 344 897 386 ιιι.
916 343 980 386 xm.

371 497 395 577 §
413 495 486 562 135.
512 499 702 585 Dimetris
723 500 769 560 usi
793 507 913 560 suntet
933 497 1020 576 lyrici
1035 507 1066 558 et
1081 499 1185 577 tragici
1206 507 1239 560 et
1252 499 1382 559 cornici.

285 603 422 674 Quorum
439 603 499 664 iam
515 598 738 662 Anacreontem
753 610 784 662 et
799 597 978 662 Alemanem
993 620 1046 662 eos
1062 602 1093 661 in
1109 610 1276 679 systemata
1296 621 1389 664 cou-
1418 603 1422 614 ’

285 706 422 766 iunxisse
440 703 536 768 videri
552 706 695 768 observat
709 701 901 767 Gaisiordius
915 702 957 765 ad
972 703 1068 782 lleph.
1088 724 1119 784 p.
1133 705 1205 766 243.

369 877 393 958 ᾗ
411 875 484 943 136.
511 878 715 939 Vsitatissima
738 885 812 938 sunt
834 876 917 958 apud
937 877 1069 937 comicos
1085 885 1252 955 systemata
1268 877 1387 940 dime-

284 990 415 1059 trorum,
442 1001 536 1044 versu
559 981 735 1042 catalectico
760 980 859 1058 linita,
884 991 915 1040 et
937 999 998 1042 una
1024 980 1385 1065 perpetuitatenumeri

283 1084 489 1164 cohaerentia,
516 1086 557 1146 ita
580 1093 691 1145 utnon
707 1081 797 1145 modo
812 1082 909 1144 dividi
933 1085 964 1145 in
980 1084 1040 1143 fine
1058 1102 1205 1144 versuum
1224 1085 1383 1148 voeabula
1452 1095 1453 1110 ¹

283 1189 411 1265 possint,
431 1187 487 1249 sed
502 1189 594 1249 etiam
606 1189 707 1248 hiatus
724 1195 755 1248 et
769 1187 889 1268 syllaba
901 1205 1015 1268 anceps
1027 1186 1221 1265 excludatur,
1240 1208 1277 1248 ac
1292 1190 1381 1252 solvi

282 1291 423 1352 ultimam
438 1293 522 1353 arsin
537 1292 635 1352 liceat.
669 1288 891 1371 Aristophanes
905 1289 1037 1352 Acharn.
1061 1290 1154 1350 l0l0.
1453 1281 1454 1286 ’

367 1386 505 1472 κατάχει
520 1385 559 1455 οὐ
575 1392 633 1476 τῆς
646 1389 769 1480 χορδῆς
783 1386 822 1478 τὸ
837 1387 924 1473 μέλι,

431 1494 491 1571 τὰς
506 1489 631 1581 σηπίας
647 1489 802 1559 στάθευε.
1454 1555 1455 1594 ,

281 1597 455 1680 hnapaesto
470 1620 531 1661 non
544 1611 590 1662 ost
601 1602 688 1666 loeus
700 1605 759 1665 nisi
775 1606 806 1664 in
820 1603 918 1680 primo
929 1599 1007 1680 pede
1020 1599 1172 1681 dipodiae.
1200 1605 1383 1684 Corruptus
1454 1661 1455 1674 ,

281 1710 328 1763 est
343 1705 462 1784 primus
479 1724 587 1767 versus
603 1708 634 1767 in
650 1708 707 1769 hoe
723 1707 864 1785 exemplo
879 1703 1091 1783 Aristophanis
1107 1708 1164 1787 Eq.
1181 1708 1250 1768 l53.

367 1798 449 1868 παῖ’
466 1798 565 1871 αὐτὸν
581 1801 813 1892 ἀνδρικώτατα
828 1804 887 1871 καὶ

366 1902 518 1993 γάστριζε
532 1911 642 1974 τοῖσιν
658 1907 802 1995 ἐντέροις

366 2009 425 2074 καὶ
440 2012 515 2087 τοῖς
528 2006 659 2090 κάλοις·

429 2105 552 2196 χῶπως
567 2116 651 2205 κολᾷ
666 2112 724 2182 τὸν
739 2107 857 2202 άνάρα.

365 2285 481 2368 5137.
508 2292 623 2372 Tragici
646 2293 701 2356 ubi
723 2292 898 2354 huiusmodi
914 2295 1092 2372 systematis
1108 2301 1260 2373 utuntur,
1281 2296 1376 2358 linire

279 2411 315 2452 ea
332 2393 431 2454 solent
453 2413 547 2458 versu
576 2397 655 2458 alius
684 2397 820 2476 goneriS,
853 2405 889 2458 ut
910 2397 1017 2476 Eurip.
1051 2397 1083 2456 in
1107 2397 1214 2459 Oreste
1239 2418 1269 2460 v.
1292 2400 1369 2462 988.

278 2494 327 2556 ed.
347 2497 428 2558 Ροιε.

363 2592 446 2662 tao
462 2593 599 2681 δόμοισι
613 2602 686 2677 τοῖς
702 2598 796 2683 ἐμοῖ-

364 2721 416 2766 σιν
430 2689 508 2788 ἦλθ’
526 2695 592 2785 άρά
607 2700 824 2784 πολύστονος,

362 2797 716 2888 λόχευμαιιοιμνίοισι
730 2803 893 2886 Μαιάδος
907 2805 1003 2876 τόκοι

362 2902 400 2969 τὸ
415 2902 645 2990 χρυσόμαλλον
661 2903 761 2994 άρνὸς
776 2905 872 2978 ὁπότ’

363 3005 489 3094 ἐγένετο
505 3008 603 3098 τέρας
618 3005 716 3078 ὀλοὸν
732 3007 831 3079 ὀλοὸν

425 3107 556 3198 Ἀτρέος
571 3109 755 3199 ἱιιτιοβότα.

361 3288 385 3369 §
399 3285 473 3353 138.
494 3288 587 3369 Apud
595 3292 735 3354 Plautum
748 3291 856 3353 eodem
871 3292 960 3354 modo
972 3305 1171 3375 perpetuatns
1187 3316 1243 3376 per
1254 3308 1366 3375 syste-

278 3402 358 3453 mata
375 3412 540 3474 numerus,
567 3403 598 3456 et
613 3397 788 3458 catalectico
804 3416 898 3460 vorsu
914 3400 1019 3462 linitus
1036 3400 1208 3480 invenitur,
1229 3409 1263 3462 ut
1279 3401 1367 3482 apud

276 3495 408 3580 Graecos
424 3499 563 3560 comicos.
597 3501 636 3561 Vt
650 3501 682 3560 in
696 3501 867 3562 ‘Cistellaria
883 3504 919 3562 ΙΙ.
945 3506 969 3579 l,
987 3506 1034 3563 ll.

378 3648 384 3660 .
435 3648 442 3660 .
490 3603 660 3664 minitantis
676 3605 810 3666 moribus

363 3721 475 3766 mecum
492 3706 669 3785 cooperitur.-
688 3707 733 3768 ιἰα
747 3726 843 3768 olorem

361 3806 480 3890 frooptt
495 3817 644 3872 amentem
661 3811 804 3886 animem,
824 3813 877 3871 ne'c
892 3813 952 3872 nisi
965 3811 1039 3892 quio

362 3913 452 3973 ιαιέάν
467 3931 527 3973 noo
541 3932 574 3974 eo
586 3929 717 3994 pessum,
736 3911 801 3975 tilla
817 3912 900 3977 otest

426 4015 500 4075 mihi
512 4016 628 4096 perdito
640 4017 801 4097 pernicies,

275 4119 309 4178 V.
322 4117 418 4178 Elem.
439 4116 469 4178 d.
490 4138 530 4179 m.
551 4139 581 4200 p.
595 4117 666 4180 397.
682 4130 714 4182 et
726 4123 797 4181 39l.
823 4120 966 4182 Vltimam
978 4125 1062 4186 arsin
1074 4125 1240 4186 catalectici
1252 4143 1363 4187 versus

274 4220 382 4281 Graeci
397 4231 505 4300 poetae
519 4241 582 4284 non
597 4222 731 4285 solvunt.
