2930 4962
222 365 263 428 40
588 346 649 422 nro.¹
667 381 698 422 rr.
734 381 796 423 eir.
816 381 878 422 vm.
898 381 936 421 rx.

222 536 309 598 sibus
322 537 478 616 synirescs
491 555 538 611 ια,
552 554 614 612 ιαι,
628 553 686 612 ιοι,
701 553 742 594 ιω
754 533 794 596 ad
806 531 995 595 medendum
1008 531 1214 613 adhibendae,
1229 551 1309 612 quas

112 641 114 648 “
221 639 346 700 admisit
361 641 396 700 H.
416 642 449 700 L.
468 636 588 700 Abrens
603 637 643 700 ad
659 637 766 718 iragm.
786 641 837 698 36.

243 885 245 890 ,
306 842 423 927 5124.
449 845 558 924 Latini,
570 843 1309 925 quihuncversumquadratumetsepte-

221 952 374 1012 narium
392 960 510 1029 vocant,
530 947 734 1012 solutionibus
750 956 881 1009 utuntur
895 945 1098 1008 creberrimis.
1126 944 1220 1007 iidem
1236 967 1309 1008 om-

220 1055 313 1116 nibus
329 1055 411 1132 locis,
431 1063 558 1133 excepta
571 1053 677 1113 ultima
689 1050 823 1130 dipcdia,
842 1043 1027 1132 spondeum,
1042 1059 1310 1130 anapaestumque

220 1158 396 1236 admittunt,
413 1177 474 1220 non
487 1175 555 1218 raro
567 1157 658 1218 etiam
670 1154 838 1235 dactylum,
854 1154 911 1217 sed
922 1156 974 1232 ita,
990 1163 1025 1215 ut
1037 1154 1068 1215 hi
1080 1153 1311 1236 pedcspropter

162 1341 165 1366 Ι
221 1263 392 1324 communis
404 1260 554 1322 sermonis
567 1260 715 1321 incertam
725 1275 904 1320 mensuram
916 1276 977 1322 non
986 1257 1119 1320 multum
1132 1258 1310 1320 offensionis

221 1366 363 1428 habeant.

305 1571 328 1652 ᾗ
346 1567 420 1634 125.
448 1570 553 1633 Plauto
568 1570 599 1631 hi
616 1588 722 1633 versus
745 1570 913 1648 asynarteti
928 1578 1018 1649 sunt,
1044 1571 1097 1649 qui
1119 1569 1149 1628 in
1166 1587 1307 1648 caesura,

220 1696 313 1756 quem
330 1684 432 1736 tamen
454 1673 634 1753 saepissime
655 1673 812 1752 negligunt
827 1674 973 1752 Romani,
998 1674 1088 1736 etiam
1112 1672 1230 1734 hiatum
1245 1671 1310 1734 ad-

221 1780 356 1841 miserit:
377 1787 411 1837 ut
426 1779 458 1838 in
473 1773 584 1858 Amph.
604 1777 626 1836 l.
649 1777 677 1856 i,
690 1777 761 1837 ttfi.

307 1881 395 1943 cre'do
410 1901 463 1964 epo
479 1879 535 1942 icc
550 1878 639 1942 nocto
653 1879 1078 1944 Nocturnum-obdormivisse
1093 1879 1222 1944 ebrium.

647 2233 759 2302 cnr.
772 2213 887 2302 vm.

356 2389 415 2457 De
443 2377 676 2456 trochaico
704 2393 969 2454 tetrametro
997 2385 1167 2456 claudo.

304 2555 412 2638 5126.
433 2555 929 2637 lambographorumpropriusest
944 2563 1180 2616 tetrameter
1191 2556 1308 2616 olau-

219 2663 374 2741 dicans,
393 2663 446 2741 qui
459 2669 620 2740 prepterea
633 2662 676 2722 sic
688 2669 824 2737 vocatur,
840 2661 995 2739 quianon,
1013 2667 1048 2720 ut
1063 2659 1195 2720 usitatus
1207 2668 1308 2720 tetra-

219 2775 333 2843 meter,
350 2766 383 2846 in
400 2765 555 2842 iambum,
574 2762 629 2825 sed
645 2765 676 2824 in
692 2764 868 2824 trochaeum
885 2765 966 2824 exit:
989 2765 1008 2824 i.
1028 2783 1055 2824 e.
1075 2764 1225 2844 posterior
1240 2765 1307 2824 eius

219 2886 291 2950 pars
307 2867 363 2928 hos
378 2866 501 2929 ordines
517 2865 626 2928 habet:

305 2964 538 3054 Lo-pOL'LO

304 3066 349 3158 μὴ
365 3064 515 3154 προτίμα
531 3063 611 3156 δῆτ’·
629 3066 687 3150 ἐμὲ
701 3065 762 3156 χρὴ
776 3073 825 3154 cpi
840 3064 947 3154 σκότῳ
965 3064 1175 3153 δικάζεσθαι.

219 3181 254 3240 V.
268 3178 371 3261 Elem.
398 3176 429 3238 d.
450 3196 490 3236 m.
518 3195 549 3256 p,
564 3179 614 3236 89.
654 3178 788 3238 Caesura
810 3185 858 3237 est
879 3175 1004 3255 eadem,
1031 3195 1111 3256 quae
1135 3178 1166 3236 in
1188 3179 1307 3258 vulgari

187 3305 189 3308 ·
219 3289 405 3342 tetrametro.
429 3272 491 3341 Hoc
500 3289 596 3340 metro
611 3288 686 3342 sunt
699 3288 818 3358 septem
827 3298 937 3342 versus
946 3277 1056 3341 Ananii
1071 3279 1156 3360 apud
1164 3278 1306 3343 Athena-

219 3403 291 3445 eum
307 3385 367 3444 Vll.
388 3403 418 3464 p.
433 3384 506 3447 282.
526 3386 559 3444 B.

608 3593 916 3602 ———-—--—.-.

619 3737 621 3744 ·
666 3689 872 3805 cAP.1x.'

288 3889 346 3958 De
374 3887 620 3958 trochaicis
647 3889 926 3960 tetrametris
954 3889 1235 3958 acatalectis.

304 4056 328 4137 ξ
348 4055 420 4120 127.
449 4058 685 4118 Tetrametri
700 4057 919 4120 acatalecti
935 4058 1118 4137 Hephaestio
1129 4059 1306 4140 exemplum

220 4161 308 4221 affert
322 4181 361 4220 ex
376 4158 567 4222 Anacreonte
581 4182 587 4220 :

304 4255 410 4325 κλῦθί
421 4281 495 4342 μευ,
511 4256 663 4347 γέροντος
678 4255 834 4350 εὖέθειρα
848 4258 1062 4352 χρυσόπεπλε
1076 4259 1186 4350 κούρη,
