2896 4960
417 459 454 502 ua
472 459 604 502 rrasravs
620 457 836 502 cuoarauarcrs.
1118 441 1174 513 141

86 623 217 694 possent
230 613 376 694 incipere,
400 622 432 675 ct
446 621 601 674 extremas
616 613 809 694 singrdorum
824 611 1065 694 antispastorum
1079 613 1180 692 sylla-

86 717 142 778 bas
157 717 315 778 haberent
329 717 487 798 ancipites.
513 717 655 778 Errorcm
667 716 953 779 animadverterunt
964 718 1061 778 Latini
1073 735 1182 798 gram-

81 821 202 882 matici.
228 818 337 903 Vide§
354 821 426 882 att.

173 1050 294 1134 5417.
328 1055 362 1115 ln
384 1054 453 1116 basi
475 1055 531 1117 soli
555 1053 641 1135 lyrici
665 1051 832 1116 heolenses
854 1055 945 1116 etiarn
968 1053 1179 1136 pyrrhichium

82 1158 294 1220 admiserunt.
329 1157 491 1220 Comoedia
508 1168 539 1220 et
553 1161 705 1221 recentior
719 1157 872 1238 tragoedia
897 1160 988 1220 etiam
1004 1158 1180 1238 trisyllabos

83 1260 186 1342 pedes
202 1261 235 1323 in
251 1261 319 1323 basi
333 1280 448 1341 ponere
463 1281 538 1326 ausa
554 1272 616 1342 est,
641 1261 847 1342 tribrachum,
873 1271 1090 1342 anapaestum,
1117 1261 1179 1324 da-

83 1365 218 1445 stylum.

175 1595 295 1680 5418.
329 1601 533 1664 Brevissimus
555 1601 665 1663 hoium
683 1619 831 1663 versuum
852 1619 951 1663 unum
967 1600 1179 1663 choriambum
1227 1641 1229 1646 -

89 1703 193 1765 habet.
221 1701 330 1765 Aesch.
350 1704 460 1787 Suppl.
482 1709 531 1767 ta.

175 1825 233 1886 νῦν
255 1817 290 1887 ἐν
311 1818 521 1906 ποιονόμοις.

89 1947 127 2004 Ei
152 1945 314 2024 proximus
339 1946 621 2026 hypercatalectus,
652 1949 706 2026 qui
731 1946 1026 2008 Pherecrateus
1052 1945 1174 2008 dicitur.

94 2047 179 2108 Idem
192 2050 221 2111 S.
241 2048 282 2111 ad
298 2049 353 2110 Th.
374 2050 446 2112 30t.
467 2069 554 2131 seqq.

177 2164 231 2232 ιοὶ
250 2163 312 2251 μὲν
334 2164 395 2254 γὰρ
419 2165 501 2234 ποτὶ
522 2163 678 2256 πύργους.

90 2292 179 2371 Tum,
199 2293 253 2372 qui
270 2292 478 2372 logaoedioum
494 2292 634 2355 ordinem
649 2290 753 2372 habet,
772 2291 1010 2372 Glyconeus.

176 2414 228 2475 cui
241 2413 357 2493 flavam
372 2414 488 2494 reltyoa
503 2431 628 2475 coruom.
739 2475 744 2480 .

85 2533 130 2594 De
146 2551 185 2594 co
200 2531 321 2595 dicetur
341 2533 393 2596 lib.
414 2535 462 2596 lll.
496 2531 590 2596 Aliud
611 2553 710 2615 genus
726 2534 902 2596 choriambo
917 2534 1094 2597 trochaeum
1110 2536 1176 2597 sive

85 2636 262 2716 spondeum
290 2637 463 2699 subiectum
491 2637 593 2700 habet.
634 2637 743 2700 hesch.
771 2639 861 2704 Eum.
891 2639 1004 2716 ⁴038„
1039 2640 1097 2700 nisi
1127 2639 1177 2699 hic

87 2759 214 2821 quoque
229 2740 391 2822 Glyconeis
406 2741 676 2804 adnumerandus:

174 2851 358 2950 εὐφαμεῖτε
380 2857 429 2937 δέ,
451 2860 602 2947 χωρῖται.

174 3097 287 3184 5419.
314 3103 1172 3187 Vsitatissimusestdimcterhypercatalectus.

82 3208 181 3288 Soph.
201 3207 248 3269 hi.
271 3211 342 3270 628.

173 3319 246 3390 οὐδ’
269 3319 406 3412 οἰκτροῖς
427 3323 505 3414 γόον
527 3318 665 3414 δρνιδος
687 3321 820 3416 ἀηδοῦς.
858 3315 862 3326 ’

174 3450 372 3512 Trimetro
393 3451 758 3532 brachycatalecto
781 3451 947 3530 Sophocles
967 3471 1041 3514 usus
1057 3454 1088 3514 in
1105 3450 1176 3515 An-

85 3557 135 3636 tig.
159 3556 231 3618 95t.

172 3665 245 3738 ἀλλ’
269 3667 290 3737 ἆ
312 3666 467 3756 μοιριδία
489 3694 542 3749 τις
563 3668 698 3750 δύνασις
720 3668 823 3739 δεινά.
917 3751 919 3760 ρ

171 3912 288 3998 5420.
321 3917 525 3982 inveniuntur
546 3919 638 3981 etiam
660 3929 828 4001 systemata
852 3920 1056 3984 choriambico
1072 3940 1088 3981 a
1105 3920 1173 3983 basi

83 4023 271 4101 incipientia.
298 4021 408 4084 Aesch.
428 4022 537 4103 Suppl.
557 4025 607 4087 at.

173 4135 307 4220 δοξόιόει
327 4162 380 4217 τις
400 4132 531 4206 ἀκούων
552 4132 623 4206 ὅπα
644 4146 705 4219 τοῖς

174 4240 317 4332 Τηρεΐας

165 4344 312 4435 ,μήνιδος
334 4341 471 4434 οἰκτρᾶς
493 4340 627 4431 cil-dxcv.
