2896 4960
510 374 545 414 uu
561 372 696 414 vulsinus
713 372 882 413 elucemus.
1155 401 1160 408 .
1184 355 1235 418 181

152 525 329 587 Solutiones
345 535 419 590 sunt
434 528 464 587 in
480 527 546 588 his:
565 527 671 607 Eurip.
692 527 802 607 Suppl.
827 529 917 586 lot8.
947 527 1057 588 Electr.
1082 530 1151 588 153.

240 657 420 750 πηδήσασα
444 657 549 747 πυρὸς
572 655 647 726 ἔσω.

239 763 370 853 πατέρα
393 761 555 855 φίλτατον
577 763 683 830 καλεῖ.

150 909 215 969 Nisi
239 909 272 968 in
288 907 425 969 Electrae
440 926 534 968 versu
550 897 690 989 ἀγκαλεῖ
710 909 859 986 scriptum
883 906 957 986 luit,
984 927 1046 988 quo
1061 910 1111 970 hic
1132 929 1241 972 versus

150 1030 209 1094 par
224 1021 307 1074 esset
321 1021 352 1073 et
366 1010 624 1092 praeeedentibus
639 1012 722 1073 eliis
738 1013 791 1091 qui
808 1020 990 1092 sequuntur.
1086 1099 1088 1104 ι

238 1241 354 1327 5497.
389 1247 494 1308 Recisa
518 1247 615 1326 prima
639 1247 732 1308 buius
756 1247 844 1306 metri
867 1245 1004 1326 syllaba,
1032 1255 1134 1308 manet
1157 1248 1240 1308 iam-

151 1349 240 1411 bicus
263 1351 535 1430 iscbiombogicuS,
562 1351 614 1430 qui
634 1351 700 1430 ipse
716 1369 777 1410 non
793 1368 861 1412 raro
877 1350 1038 1430 Glycoueis
1056 1351 1170 1412 mixtus
1187 1353 1240 1412 in-

150 1455 291 1516 venitur:

236 1577 310 1628 §.¹0
327 1579 332 1668 l
348 1581 372 1630 ,1
388 1581 392 1668 Ι
410 1579 459 1630 ῦέ

74 1699 78 1706 “
150 1714 245 1794 s0ph.
266 1713 341 1776 om.
362 1714 425 1778 ου.
447 1715 518 1776 τυ.

238 1845 469 1937 προςπείθου,
492 1848 608 1915 λεῦσσέ
630 1875 688 1930 νιν,

237 1952 441 2041 προςδίρκοο
465 1957 627 2041 πανταχῆ.

149 2099 257 2178 Eurip.
278 2099 347 2158 Heu.
370 2097 440 2156 l-l-l).
463 2097 535 2156 ιίδθ.

236 2225 387 2320 κτηθεῖο’
410 2224 588 2320 ἀφίξομαι.

237 2332 411 2422 πτόρθους
432 2337 551 2400 Λατοῖ
573 2329 669 2423 φίλᾳ.

235 2569 352 2654 §498
386 2573 537 2645 Quoniam
561 2571 594 2631 in
615 2573 748 2650 strophis
769 2583 864 2634 metm
881 2574 1033 2653 Glyconeu
1050 2573 1236 2635 habentibus

109 2718 114 2728 ·
146 2699 210 2740 non
225 2696 350 2757 semper
364 2695 470 2736 omnes
488 2694 594 2738 versus
611 2676 736 2756 legitimi
752 2677 898 2756 Glycouei
914 2687 997 2756 sunt,
1025 2676 1147 2738 sedulii
1164 2678 1236 2738 lon·-

147 2785 257 2864 giores,
284 2782 335 2842 ulii
350 2779 517 2858 breviores,
544 2798 637 2859 saepe
659 2777 873 2842 difficillimum
890 2790 938 2842 est
953 2799 1062 2844 versus
1078 2790 1159 2841 recte
1175 2780 1236 2842 de·-

147 2886 300 2964 scribere‚
327 2882 478 2964 siquidem
495 2892 582 2964 parte
599 2902 706 2946 versus
722 2883 846 2965 dempta
863 2895 894 2945 et
908 2885 995 2946 alteri
1012 2887 1116 2945 versui
1131 2883 1234 2946 addita

147 3011 209 3052 non
227 2993 329 3052 minus
344 2989 424 3050 bona
441 2998 515 3050 sunt
530 2997 561 3047 et
572 2989 683 3048 usitata
700 2997 806 3050 metra.
834 2990 916 3050 Vtin
931 2989 1023 3070 Soph.
1040 2986 1141 3068 Antig.
1162 2991 1231 3050 t00.

147 3097 214 3157 sive
230 3096 271 3156 ita
287 3093 475 3171 distinguas:

236 3222 330 3305 ἀκτίς
352 3220 478 3307 ἀελίου,
502 3224 542 3292 τὸ
564 3222 641 3290 κοίλ-

235 3329 348 3396 λιστου
370 3325 555 3415 ἑπταπύλῳ
580 3326 684 3418 φανὲν

238 3430 334 3522 Θήβα
356 3439 422 3498 τῶν
444 3429 616 3519 προτέρων
640 3427 738 3521 φάος,

148 3581 216 3640 sive
232 3579 291 3638 sie:

236 3707 330 3790 ἀκτίς
352 3705 478 3790 ἀελίου,

236 3814 274 3882 τὸ
297 3813 477 3881 κάλλιστον
499 3809 682 3900 ἑπταπύλῳ

236 3919 340 4010 φανὲν
365 3915 462 4006 Θήβᾳ
484 3921 549 3982 τῶν
572 3914 752 4003 προτέρων,

149 4082 205 4144 per
231 4083 264 4124 se
291 4072 400 4122 neuim
429 4060 504 4118 ratio
532 4057 714 4138 reprebendi
743 4067 852 4137 potest.
890 4060 922 4117 lu
948 4057 1122 4118 huiusmodi
1146 4060 1237 4136 igitur

148 4168 221 4228 locis
237 4165 399 4244 diligenter
413 4161 583 4223 videndum
599 4172 656 4239 est,
672 4161 746 4241 quid
763 4162 1021 4239 aittistmphemm
1038 4165 1232 4243 comparatio,

148 4273 175 4334 si
190 4289 314 4333 carmen
336 4266 590 4347 antistropbicum
606 4274 667 4344 est,
695 4266 744 4328 vel
759 4263 912 4342 hiatibus,
938 4263 988 4324 vel
1004 4263 1131 4344 syllabis
1146 4267 1237 4326 anei-
