2930 4962
237 379 286 420 XlV
686 377 856 422 PRAEFANO.

238 529 300 595 Vbi
314 547 410 610 quum
425 528 544 610 aliquot
557 525 629 592 libri
642 523 685 615 δὴ
700 528 864 606 omittant,
882 529 1100 612 corrigendum
1117 531 1241 596 videtu
1256 532 1322 597 sie:

324 739 361 806 τὸ
384 739 520 830 γρᾴδιον
542 736 583 822 δ’,
607 736 653 818 ὡς
673 733 789 830 ᾔσθετ’
812 736 872 807 ἀπ’
897 740 980 826 ἐμοῦ
1000 740 1057 809 τὸν
1078 743 1204 835 ψόφον.

239 960 411 1026 Pertineret
426 961 468 1024 ad
484 959 543 1024 hoe
553 977 653 1042 genus
665 957 907 1040 quodammodo,
921 961 1005 1044 quod
1020 981 1060 1026 ex
1068 960 1211 1026 Alexidis
1223 961 1324 1027 Milite

238 1067 324 1152 apud
339 1068 536 1134 Athenaeum
551 1066 606 1131 VI.
624 1086 656 1149 p.
668 1069 742 1131 223.
761 1065 799 1130 Ε.
817 1067 946 1132 allatam
962 1073 1028 1133 est:
1089 1060 1094 1073 ¹

325 1275 489 1368 ἀπόλαβε.
515 1277 609 1346 τουτὶ
631 1272 671 1348 δ’,
684 1273 755 1345 ἔστι
776 1275 831 1360 τίς
853 1273 872 1346 ὃ
895 1275 975 1368 παρ’
996 1277 1090 1364 ὑμῶν
1112 1279 1185 1368 ἐγώ,

238 1499 278 1564 de
293 1518 356 1582 qua
371 1454 485 1582 pedum
501 1463 726 1582 compositione
746 1495 863 1562 dietum
887 1503 935 1562 est
957 1497 973 1581 p
993 1502 1063 1562 157.
1097 1498 1212 1566 Verum
1228 1498 1262 1564 id
1276 1499 1324 1563 sie

239 1605 468 1672 emendandum
484 1611 577 1689 puto:
647 1651 650 1657 ,
731 1701 733 1708 Ι

649 1819 698 1883 A.
721 1811 876 1902 ἀπίλαβε

324 1923 428 1993 τουτί.
472 1929 511 1990 Β.
539 1920 574 1990 τί
594 1929 694 1991 τοῦτο
717 1918 747 1989 δ’
769 1920 869 1990 ἔστιν.
917 1928 964 1990 Α.
988 1919 1007 1990 ii
1031 1919 1111 2012 παρ’
1139 1921 1232 2008 ὑμῶν
1260 1923 1323 2011 ἐγώ

324 2030 509 2122 παιδάριον
532 2030 660 2126 ἔλαβον,
687 2026 870 2121 ἀποφέρων
891 2029 959 2120 ἥκω
982 2026 1095 2099 πάλιν.
1204 2027 1209 2036 “

324 2250 464 2317 Aeeedat
474 2250 524 2315 his
535 2249 630 2333 plane
641 2249 722 2315 alius
733 2249 858 2333 generis
870 2249 1057 2314 observatio.
1079 2250 1116 2314 In
1130 2250 1319 2327 iisvoeihas,

236 2379 319 2443 quae
330 2379 386 2443 per
396 2357 650 2444 syneephonesin
659 2358 853 2433 ¹coaleneunt,
869 2355 1035 2438 dequibus
1048 2357 1166 2424 dietum
1179 2365 1230 2422 est
1240 2357 1320 2442 §aa

237 2467 426 2534 Gasanbono
448 2466 491 2532 ad
512 2465 627 2531 Athen.
646 2465 689 2530 Π.
711 2469 761 2528 14.
786 2481 858 2528 esse
880 2462 1044 2530 videbatur
1070 2459 1116 2552 ’μὴ
1146 2459 1266 2549 ὅροισι
1290 2464 1324 2530 in

236 2574 415 2658 fragmento
429 2573 590 2651 Alexidis,
614 2570 698 2654 quod
713 2570 895 2636 Athenaeus
917 2571 1056 2638 servavit
1069 2592 1102 2656 p.
1121 2577 1173 2636 55.
1190 2573 1227 2638 0.
1245 2571 1323 2637 llius

238 2682 391 2748 formulae
414 2682 582 2763 genuinam
606 2678 794 2762 seripturam
812 2684 959 2746 testatam
981 2679 1133 2745 hahemus
1148 2680 1189 2744 ab
1204 2679 1323 2744 Ioanne

237 2789 452 2854 Alexandrino
463 2789 497 2852 in
512 2788 658 2862 τονικοῖς
672 2781 945 2870 παραγγέλμασιν
958 2807 991 2869 p.
1004 2789 1057 2866 35,
1067 2789 1121 2850 32.
1146 2781 1185 2849 τὸ
1202 2781 1320 2870 ὥρασι,

236 2891 281 2983 μὴ
304 2891 429 2980 ὥρασιν
445 2893 548 2972 ἵκοιο,
572 2886 863 2976 προπαροξύνεται
877 2889 938 2974 μὲν
954 2887 1097 2977 εὐλόγως
1112 2889 1205 2976 παρὰ
1218 2897 1323 2978 βαρο-

237 2997 334 3065 τόνοο
351 3006 412 3065 τοῦ
427 2997 508 3085 ὥρα,
526 2994 586 3064 οὔκ
602 2993 669 3080 ἔχει
685 2995 723 3063 δὲ
738 2994 1026 3084 προϋποκείμενον
1040 2993 1078 3062 τὸ
1097 3003 1167 3064 θεν.
1200 2993 1323 3065 Aristo-

238 3108 352 3193 phanis
369 3129 477 3176 versrus
494 3114 568 3174 sunt
580 3107 615 3172 in
630 3107 808 3192 Lysistrata
823 3111 897 3172 391.
918 3109 1011 3172 11137.

325 3319 415 3408 ἔλεγε
437 3317 466 3388 δ’
491 3319 508 3387 ὁ
531 3319 575 3410 μὴ
601 3317 722 3407 liparas
743 3319 803 3405 μὲν
824 3319 1073 3411 Δημόστρατος,
1096 3347 1100 3354 ·
1126 3393 1128 3399 .

325 3425 411 3496 ἀλλὰ
432 3427 477 3518 μή
498 3426 587 3517 ὥρας
610 3423 749 3506 ἵκοισθ’,
775 3424 821 3506 ὡς
843 3427 917 3494 ἐστὲ
938 3428 1094 3495 θωπικαὶ
1117 3426 1226 3518 φύσει.
1283 3502 1286 3509 ,

238 3644 387 3713 Formula
401 3646 472 3732 ipsa
487 3668 550 3713 nnn
566 3647 662 3714 estin
676 3645 897 3731 apertissimis.
921 3645 1077 3710 Dixerunt
1092 3646 1131 3710 de
1147 3663 1185 3709 ea
1199 3651 1323 3728 praeter

238 3756 459 3822 Oasauhonum
475 3756 497 3819 l.
515 3775 543 3820 ο.
562 3761 593 3820 et
607 3753 641 3820 in
656 3755 756 3820 Leett.
774 3753 907 3820 Theoer.
927 3773 955 3817 ο.
970 3758 1020 3818 16.
1037 3773 1069 3837 p.
1082 3755 1155 3816 273.
1174 3772 1204 3815 a.
1223 3752 1323 3817 Hein-

238 3863 303 3928 sius
318 3862 352 3926 in
367 3861 467 3926 Leett.
481 3861 615 3928 Theoer.
633 3883 661 3928 ο.
679 3866 728 3927 13.
747 3883 780 3947 p.
796 3866 869 3928 341.
887 3861 1073 3944 interpretes
1088 3859 1321 3942 Aristophanis,

239 3977 270 4036 et
285 3969 470 4036 nominatim
484 3969 670 4052 Berglerus,
688 3971 731 4035 ad
744 3970 822 4055 hys.
842 3973 914 4034 391.
933 3968 1118 4050 interpretes
1134 3966 1266 4034 Lueiani
1281 3969 1321 4033 Τ.

237 4078 264 4141 Ι.
282 4099 315 4162 p.
334 4079 406 4140 218.
434 4096 500 4159 seq.
518 4077 557 4142 T.
576 4076 619 4141 ΙΙ.
645 4097 677 4160 p.
697 4081 772 4142 270.
790 4077 828 4140 Τ.
847 4075 906 4139 Ill.
932 4095 965 4158 p.
984 4077 1057 4138 307.
1092 4074 1323 4141 Valckenarius
1344 4131 1350 4140 .

240 4185 283 4252 ad
297 4184 451 4252 Adnniaz.
461 4205 502 4269 p.
515 4189 588 4249 370.
622 4183 771 4255 Reislrius
786 4189 818 4249 et
831 4183 949 4248 Oaraes
964 4181 1007 4246 ad
1021 4180 1182 4248 Plutarch.
1192 4181 1324 4248 'Phemi-
