2896 4960
265 345 306 408 80
668 364 725 408 tm.
745 367 776 408 u.
804 365 866 408 aar.
885 367 943 408 ur.

265 515 425 590 Quaedam
442 517 558 578 formae
573 535 696 597 perraro
711 519 921 598 inveniuntur,
941 529 977 594 ut
991 519 1082 580 haec:

350 619 529 666 ulcu-cv

268 723 361 806 Sopb.
381 723 458 786 Oed.
478 725 514 786 lt.
535 727 607 787 66⁴.
629 727 700 787 690.

351 820 436 891 θεὸν
458 821 590 910 πρόμον
608 821 733 890 Ἅλιον.

353 923 448 1007 ἅπαξ
465 921 585 1010 μόνον·
606 921 680 994 ἴσθι
705 927 752 993 δέ.
1427 983 1429 1021 ι

351 1081 467 1166 §232
499 1088 603 1160 Quum
618 1084 684 1146 bini
700 1084 763 1146 lere
779 1085 912 1148 dochmii
928 1107 990 1150 uno
1006 1106 1100 1150 versu
1115 1089 1355 1169 coniungantur,
1428 1049 1430 1133 ί

267 1209 328 1252 non
351 1200 398 1252 est
419 1208 559 1270 necesse,
584 1199 620 1250 ut
641 1189 752 1268 singuli
775 1189 866 1270 plano
881 1190 1032 1254 vocabulo
1051 1193 1274 1272 terminentur,
1302 1193 1360 1254 sed
1423 1186 1430 1285 l

195 1286 201 1300 ⁸
267 1313 358 1378 saepe
382 1293 602 1375 dispescuntur
623 1310 731 1371 voces,
758 1301 789 1353 et
811 1292 994 1376 plerumque
1017 1293 1143 1376 quidem
1159 1306 1195 1357 ut
1210 1295 1362 1358 liniantur

267 1398 318 1462 vel
333 1399 364 1458 in
380 1399 478 1478 prima
494 1395 641 1476 secundi,
670 1396 719 1457 vel
735 1397 766 1456 in
781 1397 950 1478 penultima
967 1399 1057 1480 primi
1073 1397 1207 1461 dochmii
1222 1399 1352 1478 syllaba
1428 1384 1429 1412 ³

268 1498 378 1563 resch.
398 1501 495 1562 Prom.
516 1501 588 1562 576.
615 1499 647 1560 S.
666 1498 707 1561 ad
723 1499 779 1562 Th.
801 1501 872 1562 489.

251 1626 254 1631 ·
353 1595 420 1665 ὑπὸ
443 1597 482 1665 δὲ
503 1596 738 1687 κηρόπλαστος
758 1592 874 1683 ὀτοβεῖ
895 1595 1007 1680 όόναξ.

355 1697 400 1780 ὡς
422 1696 451 1768 δ’
473 1695 646 1787 ὖπόρανχα
667 1697 826 1786 βάζουσιν
849 1699 909 1769 όπὶ
933 1699 1063 1770 πτόλει.

269 1810 302 1870 ln
318 1809 544 1891 antistrophicis
560 1807 704 1870 versibus
720 1808 828 1871 eadam
844 1809 1042 1892 plerumque,
1070 1829 1149 1890 quae
1170 1812 1201 1874 in
1217 1813 1358 1893 stropbi-
1429 1871 1430 1875 ,

269 1915 323 1992 eis,
347 1911 459 1975 divisio
474 1922 626 1975 servatur.
659 1893 759 1974 Etiam
776 1911 831 1974 ubi
846 1913 1010 1976 solvuntur
1025 1915 1142 1994 longae,
1166 1933 1261 1997 saepe
1276 1919 1359 1998 prior

270 2015 431 2078 dochmius
447 2017 479 2076 in
494 2018 592 2098 prima
610 2016 753 2084 vocabuli
768 2015 888 2094 syllaba
904 2017 1017 2080 linitur.
1045 2018 1078 2078 ln
1094 2017 1196 2080 Rheso
1209 2038 1241 2080 v.
1260 2023 1333 2081 l3l.

355 2113 437 2186 τάδε
459 2117 563 2198 δοκεῖ,
586 2112 668 2182 τόδε
688 2113 945 2204 με-ταόόμενος
966 2115 1046 2184 νόει.
1091 2205 1095 2212 ,

356 2273 380 2356 §
395 2271 471 2340 233.
498 2276 533 2338 ln
544 2275 657 2337 mediis
668 2276 843 2356 systematis
859 2273 1013 2336 interdum
1027 2276 1134 2337 ultima
1146 2230 1354 2341 dochmioruu

270 2397 385 2460 anceps
400 2388 464 2458 est,
490 2388 522 2440 et
543 2379 658 2458 pariter
679 2378 796 2440 hiatum
820 2395 856 2456 ac
878 2377 1005 2438 brevem
1029 2377 1182 2458 syllabam
1197 2381 1355 2462 prolonga

270 2483 414 2546 admittit.
450 2483 511 2544 Hoc
526 2499 587 2541 non
604 2479 693 2542 modo
708 2481 740 2542 in
756 2479 1018 2543 interiectionibus
1033 2481 1083 2560 lit,
1109 2491 1145 2543 ut
1160 2475 1224 2562 όέ,
1246 2476 1289 2569 ἰν)
1308 2475 1356 2562 ἶν’,

273 2578 347 2650 loct
366 2577 453 2662 ίόοό,
476 2583 532 2647 sed
552 2586 643 2646 etiam
660 2586 691 2644 in
706 2583 941 2646 allocutionibus
956 2603 1012 2666 per
1026 2590 1219 2648 vocativum:
1246 2586 1353 2668 Eurip.

270 2691 342 2752 Hor.
362 2689 422 2752 lur.
442 2687 515 2751 875.

358 2786 416 2856 σόν
438 2779 556 2869 iocos,
579 2779 690 2868 πόλις,
715 2783 733 2851 ὁ
755 2784 842 2864 Διὸς
863 2782 1005 2874 ἔκγονος.

271 2895 310 2958 Ει
325 2894 379 2957 ubi
395 2894 475 2957 idem
492 2893 624 2957 verbum
640 2895 799 2974 repetitur,
826 2893 875 2955 vel
890 2902 961 2954 ante
974 2895 1197 2974 repetitionem,
1224 2897 1275 2958 vel
1290 2908 1355 2978 post

272 3017 355 3078 eam,
384 2999 455 3078 quia
478 3006 610 3078 utroque
631 2997 697 3070 loco
719 2998 749 3058 in
774 2994 929 3058 recitando
945 3014 1042 3076 pausa
1059 2999 1123 3060 lieri
1139 2997 1233 3061 solet:
1261 3002 1351 3083 Sopb.

273 3102 374 3182 Antig.
397 3101 488 3163 ⁴323.
511 3101 603 3162 tata.
630 3113 633 3118 ·

360 3194 455 3290 ἄγετέ
478 3193 513 3283 μ’
536 3195 590 3267 ὅτι
609 3195 720 3282 τόκος,
743 3191 840 3286 όίγετό
860 3195 895 3284 μ’
919 3197 1081 3266 ἐκποδών.

361 3303 423 3393 ἐγώ
446 3300 508 3392 γάρ
532 3297 573 3385 α’,
598 3301 660 3390 ἐγώ
683 3299 809 3386 ἔκανον,
833 3293 860 3368 ὦ
881 3302 1008 3387 μέλεος.

274 3411 437 3494 Euripides
453 3410 599 3474 Androm.
620 3413 692 3472 Sil.
712 3412 840 3473 fortasse
856 3413 993 3492 scripsit:

360 3504 501 3593 ἀπόδος,
525 3501 552 3577 ὦ
576 3505 687 3602 φίλος,
709 3505 851 3592 όπόόος,
873 3505 1023 3578 ἀνταίαν.

274 3618 391 3682 Deinde
413 3618 468 3681 ubi
490 3637 621 3700 persona
637 3629 791 3698 mutatur,
816 3627 849 3682 ut
863 3620 895 3680 in
911 3617 1031 3698 llippol.
1051 3616 1122 3696 tta,
1151 3617 1203 3680 ubi
1219 3637 1355 3700 sequen-

274 3734 337 3784 tem
352 3741 477 3784 versum
493 3722 551 3784 alia
565 3741 605 3784 ex
621 3723 748 3784 choriois
763 3721 946 3784 mulieribus
962 3720 1070 3781 babet:
1099 3737 1126 3781 v.
1146 3720 1243 3784 Elem.
1263 3722 1294 3784 d.
1314 3739 1350 3782 m.

274 3845 305 3908 p.
326 3827 400 3888 ata.
434 3823 591 3888 lnterdum
614 3835 739 3906 propter
760 3843 895 3904 sequens
917 3841 1029 3884 nomen
1043 3825 1225 3902 proprium·
1246 3825 1350 3888 Aesch.

276 3932 383 4012 rigam.
406 3931 498 3992 tata.

363 4022 521 4117 ἀκόρετος
540 4033 636 4113 βοᾶς,
659 4033 735 4119 φεῦ,
757 4024 933 4105 ταλαίναις
954 4025 1072 4119 φρεσίν

354 4126 443 4200 ’Ίτνν
460 4123 549 4197 ’Ίτον
571 4124 718 4198 πίνοντ’
741 4125 924 4221 όμφιθαλῆ
945 4135 1072 4209 κακοῖς.

196 4283 199 4292 ,
277 4242 360 4304 Prior
375 4242 484 4302 horum
500 4257 649 4301 versuum
664 4259 681 4300 a
697 4237 873 4301 dochmiaco
888 4239 1132 4318 hypercatalecto
1147 4238 1261 4318 incipit.
