2896 4960
286 345 346 407 122
669 357 725 401 mn.
746 357 778 402 u.
813 357 875 400 cur.
895 357 971 400 mr.
1413 417 1414 420 Ἴ

369 511 491 595 9367.
532 513 697 576 llarissima
719 511 905 575 vccabulum
928 510 1021 572 etiam
1047 511 1127 574 ultra
1153 526 1283 573 versum
1303 527 1357 572 una
1414 446 1415 534 λ

283 617 369 679 brevi
384 617 503 696 syllaba
518 615 720 698 protenditur.
746 611 901 696 Aristoph.
920 615 1011 696 Vesp.
1033 613 1106 678 750.

371 727 411 798 ἵν’
435 729 453 798 d
476 730 585 822 κῆρυξ,
611 728 714 821 φησί·
739 726 792 809 τίς
813 724 947 821 ἀψήφι-

370 859 465 918 στος,·
487 832 691 904 ἂνιστάσθω.

283 964 338 1023 llic
352 964 451 1043 enim,
478 963 504 1025 si
519 964 652 1043 priorem
666 978 792 1022 versum
808 965 1032 1021 monometrum
1055 960 1164 1039 iacias,
1191 960 1226 1020 in
1249 959 1306 1020 hcc
1317 959 1361 1018 illa

283 1065 425 1127 vocabuli
451 1064 559 1127 divisio
582 1062 770 1126 admittenda
792 1063 859 1124 erit.
899 1063 1100 1143 Plerumque,
1129 1063 1218 1144 apud
1242 1062 1361 1142 tragicos

281 1170 492 1252 potissimum,
518 1176 707 1230 monometrc
729 1165 941 1229 constituendo
955 1161 1071 1229 vitatur
1087 1167 1164 1228 haec
1178 1164 1310 1246 divisio,
1334 1173 1361 1226 ut

281 1273 314 1333 in
329 1270 434 1353 Agam.
456 1272 550 1333 lact.

368 1381 439 1454 ἀλλ’
461 1381 638 1477 Ἰφιγένειά
659 1410 710 1452 νιν
731 1379 911 1463 ἀσπασίως

367 1487 528 1577 θυγάτηρ,
553 1485 599 1567 vis
619 1484 690 1577 xci,

240 1619 242 1634 ·
368 1587 484 1679 πατέρ’
508 1586 696 1659 ἀντιάσασα
717 1590 803 1680 πρὸς
825 1585 1008 1681 ὠκύπορον.

281 1717 382 1797 Atque
397 1715 524 1798 ubique,
540 1718 567 1778 si
582 1717 797 1798 antistrophica
813 1718 948 1780 carmina
964 1723 1048 1797 sunt,
1066 1718 1158 1778 etiam
1173 1717 1358 1798 antistropha

281 1822 334 1884 tali
357 1819 542 1884 distinctioni
564 1820 664 1901 lavet,
694 1840 773 1902 quae
795 1839 903 1902 saepe,
933 1839 1029 1883 sensu
1050 1822 1229 1902 postulante
1254 1823 1296 1884 ita
1318 1819 1359 1881 la-

282 1923 390 1986 cienda
412 1933 475 2004 est,
500 1932 536 1986 ut
549 1923 654 2005 plures
670 1925 850 1988 monometri
872 1943 934 1987 uno
953 1925 985 1986 in
1001 1933 1167 2004 systemate
1182 1927 1259 1988 sint.
1294 1923 1358 1986 Vide

281 2024 534 2110 insepultus.
556 2029 649 2091 lota.

366 2283 482 2368 5368.
515 2287 805 2350 Proceleusmaticus
827 2284 912 2382 apud
934 2287 1062 2366 tragicos
1078 2307 1140 2349 non
1155 2288 1317 2352 invenitur
1335 2289 1358 2347 in

280 2392 420 2472 legitimis
443 2392 617 2471 systematis
640 2409 696 2471 pro
718 2397 910 2471 anapaestos
927 2391 1092 2454 Rarissime
1113 2391 1197 2473 apud
1219 2394 1355 2456 cornices.

1419 2481 1420 2508 l

280 2490 433 2576 Aristoph.
454 2494 533 2556 Nub.
555 2495 626 2556 9l6.

367 2608 424 2678 διὰ
447 2607 485 2678 σὲ
508 2608 546 2678 δὲ
567 2613 700 2701 φοιτᾶν.

292 2849 294 2856 ’
364 2870 479 2954 5369.
514 2871 722 2953 Anapaestum
740 2875 772 2936 in
788 2875 930 2956 legitimis
945 2876 1123 2954 systematis
1135 2875 1219 2956 apud
1235 2875 1352 2958 tragicos

278 2995 341 3050 non
355 2975 509 3039 antecedit
523 2976 664 3058 dactylus
686 2978 718 3037 in
739 2977 848 3040 eadem
863 2976 1004 3058 dipodia;
1031 2978 1116 3058 apud
1134 2981 1267 3044 comicos
1282 2997 1346 3042 raro.

276 3077 432 3161 Aristoph.
451 3080 519 3142 Pac.
541 3081 613 3141 l68.

363 3193 422 3262 καὶ
442 3191 548 3284 μύρον
569 3192 715 3278 dccxci&
737 3191 783 3274 ὡς
805 3187 844 3284 ἤν
865 3221 898 3262 τι
920 3192 1042 3264 πεσών.

279 3324 312 3383 V.
332 3321 510 3403 Ephippum
532 3339 581 3400 ap.
601 3321 712 3383 Athen.
731 3321 792 3382 Vll.
813 3341 843 3401 p.
864 3321 936 3384 322.
956 3322 991 3382 Ε.
1028 3320 1090 3384 Sed
1111 3323 1215 3386 linitae
1238 3320 1351 3404 dactylo

277 3421 418 3505 dipodiae
448 3434 529 3488 recte
558 3424 697 3488 succedit
725 3423 809 3504 apud
837 3427 966 3506 tragicos
995 3435 1191 3508 anapaestus.
1250 3427 1347 3506 Eurip·

276 3527 324 3589 El.
346 3529 401 3587 l3l
410 3531 438 3588 9.

362 3638 496 3731 θάρσει,
523 3639 706 3720 Παλλάδος
727 3640 824 3713 ὁσίαν
846 3639 945 3734 ἥξεις.

277 3770 456 3850 praesertim
472 3765 593 3850 dactylo
609 3769 701 3830 finem
717 3788 828 3832 versus
843 3776 978 3849 tenente,
997 3779 1033 3834 ut
1048 3769 1164 3834 ibidem
1181 3792 1209 3835 v.
1231 3773 1320 3836 4322.

364 3881 498 3972 σύγγονα
520 3878 679 3975 φίλτατε·

363 3983 421 4054 διὰ
442 3984 503 4074 γὰρ
527 3982 669 4076 ζουγνῧιί
691 3983 780 4078 ἡμᾶς
800 3984 974 4077 πατρῴων.

277 4115 312 4180 V.
331 4110 441 4177 dasch.
461 4113 492 4175 S.
511 4111 553 4178 ad
568 4112 623 4176 Th.
644 4114 717 4176 833.
737 4116 809 4176 87³.
