2896 4960
282 324 343 386 146
561 293 565 301 ¹
658 339 714 384 nro.
735 338 767 380 ιι.
798 335 861 378 cir.
880 335 986 378 mur.

283 461 342 555 Hie
358 494 449 556 etiam
463 495 502 556 ‚in
525 493 622 572 prima
644 491 717 553 sede
737 491 900 554 Molossum
922 489 1041 570 posuit,
1067 497 1112 568 et,
1138 485 1221 568 quod
1243 485 1349 548 Graecis

283 617 344 659 non
360 598 454 676 licuit,
474 597 574 658 ultimi
589 595 721 657 trochaei
736 596 819 662 arsin
836 594 936 673 solvit,
956 593 1038 654 utin
1053 589 1123 652 Aul.
1143 591 1177 650 ΙΙ.
1199 591 1211 650 t
1220 638 1227 670 ‚
1247 592 1293 650 30.

342 758 344 762 -
369 720 436 780 heia
452 718 504 779 hoc
518 718 596 799 fore,
616 715 694 799 quod
708 715 788 778 iubet
801 717 898 778 soror.
915 715 943 776 si
959 711 1069 791 lubeat,
1090 711 1216 792 sociam.

282 841 501 918 Praetereaque
517 836 701 916 tenendum,
728 836 894 900 solutiones
915 843 1019 897 utrum
1040 834 1103 894 sint
1117 832 1208 914 pedis
1223 829 1308 891 lonioi
1320 848 1352 890 on

283 943 510 1023 trochaeorum,
534 940 620 1022 apud
635 941 757 1002 Latinos
776 959 816 1000 ex
831 946 960 1000 aooentu
975 937 1197 1001 vocabulorum
1214 933 1349 1014 cognosci.

282 1046 389 1108 Graeci
412 1047 520 1108 oomioi
534 1064 596 1107 non
619 1043 765 1106 videntur
785 1045 834 1105 usi
857 1042 913 1104 hoo
932 1051 1029 1104 metro
1044 1059 1127 1121 esse,
1153 1038 1354 1100 multominus

281 1150 396 1228 tragici,
416 1159 470 1212 aut
485 1149 606 1229 gravior
619 1149 722 1230 poesis
737 1147 843 1228 lyrica.

655 1502 767 1572 uAP.
785 1499 993 1570 XXXVII.

572 1653 631 1727 De
659 1653 824 1726 Ionicis
852 1675 873 1724 a
899 1649 1066 1722 minori.

368 1820 484 1906 5428.
516 1824 618 1886 Etiam
641 1826 673 1885 in
688 1823 796 1885 Ionicis
812 1841 830 1882 a
845 1821 955 1882 minori
976 1813 1107 1881 multuri'r
1130 1837 1240 1882 evera
1255 1817 1354 1880 ratione

282 1929 467 1991 aberrarunt
492 1929 690 2010 grammatici.
731 1927 791 2000 Qui
821 1927 847 1988 si
872 1926 929 1986 hos
959 1941 1067 1985 versus
1093 1924 1155 1984 hoo-
1176 1931 1278 1984 metro
1302 1935 1354 1980 esse
1420 1971 1421 1974 ,

281 2042 408 2112 putant:

367 2139 504 2230 μεγάλῳ
529 2133 557 2204 δ’
580 2130 658 2228 ηὗτέ
678 2133 712 2223 μ’
737 2134 820 2226 ἔρως
838 2133 975 2227 ,steritem
999 2133 1081 2214 ὥςιε
1100 2131 1254 2218 χαλκεύς,

256 2255 259 2262 “
368 2244 513 2326 πελέκει,
535 2239 685 2332 χειμερίῃ
706 2237 738 2309 δ’
762 2239 895 2309 ἔλουσεν
918 2239 952 2308 ἐν
973 2237 1133 2328 moion,

282 2371 313 2423 et

369 2464 573 2554 ζαελεξάμαν
594 2459 676 2556 Ι’όννιρ
699 2462 930 2556 Κυπρογενήᾳ,

281 2594 312 2648 et

367 2685 437 2758 ἄπο
461 2715 524 2777 μοι
544 2696 665 2760 θανεῖν
685 2685 822 2781 γένοιτ’·
847 2685 885 2757 ori
909 2688 970 2780 γὰρ
992 2684 1034 2758 ἂν
1052 2683 1140 2780 ἄλλῃ
1210 2705 1213 2710 “

368 2791 462 2874 λύσις
483 2795 519 2862 ἐκ
542 2790 792 2884 πόνανν·γένοιτ’
816 2790 950 2880 οὐδαμὰ
971 2795 1086 2876 τῶνδε,

281 2920 312 2973 et

367 3015 461 3106 παρὰ
484 3012 513 3084 δ’
536 3009 614 3107 oriae
635 3013 883 3106 Πυθόμανδρον
905 3015 1045 3092 antideo
1068 3015 1174 3105 ἔρωτα
1197 3014 1332 3108 φεύγων,

264 3131 355 3205 'sunt
370 3144 413 3205 illi
429 3143 555 3223 quidem
571 3143 686 3205 similes
701 3143 820 3224 Ionicis,
841 3142 897 3206 sed
912 3163 1057 3206 numeros
1073 3141 1290 3223 moontelios,
1308 3136 1353 3200 nisi

250 3307 252 3312 .
280 3247 364 3328 quod
379 3249 497 3328 primus
512 3248 623 3311 horum
638 3248 679 3310 ab
693 3249 779 3310 initio
794 3249 914 3310 Ionicus
930 3259 995 3311 est:

366 3355 597 3446 υυέίέλυυέ
611 3357 615 3446 Ι
628 3351 799 3408 νέων-ὖ

280 3473 434 3534 Numerus
456 3475 539 3534 enim
561 3475 681 3537 lonicus
703 3493 721 3535 a
741 3475 854 3559 *minori
876 3475 999 3537 inversa
1022 3473 1153 3552 ratione,
1180 3491 1274 3552 quam
1290 3469 1353 3533 arur

280 3576 410 3657 Ionicus,
429 3579 616 3658 compositus
632 3587 679 3640 est
693 3597 733 3639 ex
747 3586 914 3662 anapaesto
930 3586 961 3638 et
975 3578 1036 3638 arsi
1051 3573 1153 3637 nuda:

366 3685 458 3774 otu-Vl
471 3689 494 3734 .'

279 3799 459 3881 Eodemque
475 3801 574 3882 modo,
594 3813 629 3866 ut
644 3803 675 3864 in
690 3803 752 3882 illo,
776 3803 891 3884 singuli
906 3800 1001 3883 pedes
1017 3821 1108 3864 suum
1126 3802 1186 3866 sibi
1200 3813 1351 3864 numerum

278 3902 411 3985 habent,
437 3923 539 3984 neque
557 3900 639 3972 inter
654 3925 687 3967 se
702 3913 941 3989 perpetuantur,
967 3907 1038 3994 quia
1061 3907 1105 3967 sio
1127 3907 1158 3968 in
1175 3901 1352 3968 choriambos

278 4005 391 4069 abituri
407 4017 528 4069 essent:

362 4117 438 4164 wL
451 4116 455 4204 λ
468 4115 510 4204 ΔΙ
525 4117 653 4204 υυ-Ἰέ

363 4220 493 4308 wL'L
525 4220 653 4310 vta-'L
