2922 4948
286 361 350 422 210
636 382 640 393 ·
681 377 738 423 tre.
757 379 802 420 ur.
837 373 988 440 mr.xr1.j

374 530 489 611 5578.
517 532 601 599 Aliae
617 533 726 594 harum
743 531 939 611 stropharum
954 531 1047 611 plane
1062 549 1102 604 ep
1113 527 1252 590 eiusdem
1265 547 1368 590 versus

290 638 469 718 repetitione
490 645 644 714 constant,
675 637 714 696 ita
738 645 790 714 ut,
820 635 846 696 si
868 644 1000 696 metrum
1025 632 1186 696 dumtaxat
1208 641 1366 712 spectetur,

288 733 374 802 κατὰ
390 733 503 820 στίχον
520 740 686 819 composita
703 738 802 801 videri
817 739 936 819 possint
950 739 1095 799 carmina.
1127 736 1286 798 Eiusmodi
1303 745 1371 798 suut

172 893 177 904 .
288 845 435 906 nonnulla
457 846 488 906 in
508 844 726 907 Anacreonteis
746 844 897 923 carmina,
922 843 953 904 in
973 842 1088 922 quihus
1108 842 1245 921 aequalis
1266 839 1370 904 distri-

290 948 375 1010 butio
391 967 556 1028 versuum,
579 957 634 1010 aut
648 923 815 1008 verborum
831 944 1009 1008 eorumdem
1026 947 1164 1026 repetitio
1180 946 1370 1026 stropharum

290 1049 399 1114 indicia
416 1051 603 1134 suppeditat.
635 1052 718 1114 Vtin
738 1069 831 1112 carm.
852 1052 988 1114 XXXIX.
1009 1051 1097 1112 cuius
1112 1050 1272 1129 strophae,
1297 1068 1372 1130 quae

289 1176 328 1216 ex
344 1159 502 1236 quaternis
518 1156 661 1226 versibus
677 1166 827 1235 constant,
846 1174 953 1217 omnes
967 1156 1026 1216 hoc
1040 1172 1135 1216 versu
1150 1155 1316 1232 incipiunt:

375 1268 423 1342 ὅτ’
448 1271 509 1362 dyo}
533 1270 603 1340 πίω
627 1271 684 1340 τὸν
705 1264 807 1339 οἶνον.

291 1418 352 1477 Hoc
364 1435 462 1496 genus
477 1417 584 1478 imitati
597 1426 671 1479 sunt
681 1425 790 1497 poetae
801 1416 942 1492 bucolici,
957 1415 997 1477 de
1008 1415 1124 1496 quibus
1135 1413 1256 1476 dicetur
1271 1413 1288 1498 5
1301 1416 1369 1474 596.

290 1520 403 1581 Horatii
431 1521 581 1599 carmina,
611 1540 692 1601 quae
717 1521 804 1581 illum
830 1520 931 1581 omnia
958 1516 999 1580 ad
1024 1519 1209 1580 Graecorum
1235 1517 1371 1597 exempla

289 1625 497 1702 composuisse
517 1631 651 1703 constat,
679 1643 821 1703 magnam
843 1632 963 1705 partem
983 1630 1038 1684 aut
1057 1615 1143 1684 κατὰ
1164 1613 1280 1702 στίχον
1300 1621 1372 1682 lacta

179 1761 183 1768 ·
290 1745 369 1806 esse,
385 1736 439 1788 aut
454 1727 595 1808 strophas
610 1747 650 1788 ex
665 1726 789 1790 duobus
805 1727 948 1791 versibus
963 1736 1136 1791 constantes
1152 1727 1267 1787 habere
1280 1733 1373 1807 puta-

290 1827 415 1891 bantur.
442 1829 504 1892 Sed
519 1851 617 1911 qnum
634 1831 695 1894 'non
713 1831 869 1894 videretur
883 1852 957 1894 casu
974 1832 1086 1893 laetum
1103 1851 1181 1910 esse,
1198 1842 1242 1911 ut,
1258 1841 1373 1912 praeter

291 1934 339 1993 lll.
361 1937 411 1994 ta.
430 1935 514 2014 quod
536 1945 583 1996 est
604 1929 640 2012 ἐξ
661 1927 788 2015 ὁμοίων
807 1936 975 1997 imitatione
996 1935 1099 1997 Alcaei
1120 1935 1251 2014 lactum,
1277 1936 1371 1995 omnia

290 2037 322 2096 in
344 2047 510 2117 quaternos
532 2059 641 2102 versus
661 2038 756 2102 dividi
782 2049 924 2121 possent,
953 2042 1073 2121 primus
1093 2038 1130 2100 Α.
1150 2039 1322 2101 hleinekius
1341 2056 1371 2096 ea

292 2142 336 2201 sic
350 2140 520 2222 descripsit.
548 2144 643 2226 ldque
658 2163 731 2206 eum
748 2153 828 2205 recte
844 2144 951 2205 iecisse
966 2153 1051 2224 puto.
1078 2144 1203 2204 Nullum
1220 2152 1268 2204 est
1283 2143 1368 2218 enim,
1434 2223 1435 2228 ἵ

292 2245 375 2324 quod
396 2265 463 2307 eam
480 2247 668 2312 ,divisionem
692 2248 847 2327 repudiet,
878 2248 1032 2328 quaedam
1059 2257 1160 2310 antem
1188 2245 1280 2309 valde
1301 2265 1372 2306 con·
1434 2271 1435 2310 t

293 2349 430 2429 lirmant,
455 2362 490 2412 ut
505 2353 526 2412 l.
548 2355 597 2413 ta.
620 2357 669 2414 to.
694 2354 742 2413 lll.
763 2357 814 2414 28.
839 2352 886 2414 lV.
908 2355 937 2414 7.
958 2353 1151 2432 maximoque
1172 2351 1311 2412 omnium
1326 2350 1368 2409 lll.

293 2457 322 2514 o.
341 2455 506 2534 ipsumque
527 2457 618 2536 primi
639 2455 708 2518 libri
723 2475 846 2518 carmen
861 2458 1013 2538 primum,
1036 2455 1135 2536 quod,
1161 2457 1241 2517 utin
1259 2454 1373 2517 disser-

293 2557 405 2618 tatione
427 2560 562 2638 ostendi,
593 2579 687 2640 quam
712 2559 751 2622 de
772 2579 808 2622 eo
831 2561 965 2622 carmine
988 2562 1111 2640 scripsi,
1142 2551 1246 2620 recisis
1272 2559 1372 2640 primis

293 2662 416 2724 duobus
433 2661 619 2744 duobusque
634 2665 750 2726 ultimis
766 2664 908 2726 versibus
929 2683 988 2726 non
1013 2665 1103 2726 niodo
1118 2664 1371 2744 elegantissimum
1433 2739 1434 2750 ,

292 2774 354 2846 est,
385 2766 440 2828 sed
461 2772 553 2829 etiam
576 2769 717 2848 strophas
738 2779 923 2849 quaternum
945 2785 1094 2829 versuum
1118 2777 1199 2828 recte
1219 2767 1373 2829 distinctas
1433 2829 1434 2848 ,

293 2868 401 2948 habet,
428 2872 468 2932 ita
492 2881 527 2933 ut
547 2873 679 2934 nesciam
702 2893 741 2934 an
764 2874 907 2952 primitus
928 2874 993 2933 sine
1016 2871 1140 2934 duobus
1160 2873 1226 2952 istis
1243 2871 1373 2933 distichis

293 2972 450 3035 conditum
463 2975 567 3036 luerit.
599 2974 711 3056 Aperte
728 2978 869 3038 vitiatum
886 2987 933 3038 est
944 2977 994 3039 tv.
1016 2981 1045 3036 8.
1066 2977 1095 3036 in
1117 2994 1178 3055 quo
1193 2995 1255 3037 non
1272 2975 1373 3038 dubito
1433 2971 1434 3057 l

200 3143 204 3150 ,
294 3079 368 3156 quin
396 3087 476 3140 recte
504 3078 695 3140 Hoimannus
721 3081 899 3161 Peerlkamp
926 3082 1030 3142 eiectis
1058 3079 1200 3141 versibus
1229 3080 1370 3142 ll-l7‚

232 3216 244 3236 .
293 3182 487 3245 coniunxerit
499 3183 590 3244 haec:

378 3325 438 3366 non
454 3306 551 3368 incisa
565 3307 640 3366 notia
655 3324 812 3366 marmora
822 3305 955 3388 puhlicis

380 3411 454 3489 eius,
474 3411 527 3492 qui
541 3409 653 3473 domito
667 3429 772 3470 nomen
788 3409 826 3470 nh
843 3409 951 3488 Africa

380 3513 516 3574 lucratus
532 3513 632 3591 rediit,
652 3514 768 3575 clarius
785 3511 931 3591 indicant,

382 3615 497 3696 laudes,
516 3635 607 3698 quam
625 3615 774 3678 Calabrae
790 3616 932 3680 Pierides.
1432 3619 1433 3664 t

294 3754 370 3814 Nam
393 3770 491 3831 quum
514 3755 705 3817 inchoantis
727 3773 882 3816 marmora
901 3754 1031 3836 publicis
1056 3775 1117 3816 non
1138 3760 1237 3837 possit
1257 3760 1314 3820 nisi
1338 3757 1371 3818 de

293 3857 382 3918 titulo
397 3856 492 3938 lapidi
515 3858 660 3938 inscripto
675 3858 793 3920 dictum
808 3878 894 3937 esse,
920 3879 1048 3939 prorsus
1071 3862 1211 3941 ineptum
1233 3859 1371 3942 estquod

294 3961 325 4020 in
349 3960 436 4022 libris
459 3962 617 4041 sequitur,
643 3981 702 4043 per
724 3981 802 4044 quoe
827 3964 953 4043 spthr'tus
979 3967 1007 4024 et
1028 3966 1092 4027 vita
1112 3965 1192 4028 redit
1214 3967 1296 4029 honri
1314 3973 1371 4047 post

294 4067 417 4126 ntortem
439 4065 584 4126 ducibus:
609 4063 692 4144 quod
715 4066 763 4127 hic
783 4085 822 4127 ne
842 4064 880 4128 de
895 4075 997 4128 statua
1013 4067 1139 4146 quidem
1155 4079 1238 4132 recte
1253 4069 1372 4150 praedi·

277 4249 279 4254 Ι
295 4169 357 4228 rari
371 4176 501 4249 poterat,
520 4169 575 4232 sed
591 4168 756 4231 dicendum
774 4179 839 4232 erat
854 4169 893 4234 de
909 4171 1108 4233 carminibus.
1135 4172 1182 4232 Ex
1198 4192 1260 4252 quo
1274 4173 1370 4235 nasci-

296 4274 510 4353 tur-suspicio,
537 4293 634 4352 quum
656 4273 786 4334 lacerato
802 4275 1015 4353 antiquissimo
1036 4275 1115 4339 libro
1137 4276 1254 4356 reliqua
1277 4283 1371 4338 essent
