2922 4948
610 296 666 338 ΗΒ.
686 295 731 338 111.
765 297 828 338 CAP.
846 297 898 338 ΧΠ.

298 447 415 532 5544.
442 447 557 512 Deinde
573 449 628 529 qui
650 449 900 530 iambelegus
922 461 1066 512 vocatur:

299 565 421 618 QLoL-
434 568 439 656 Ι
453 568 622 616 ζων-νυ-

300 667 515 757 πρῶτονμὲν
537 661 696 754 εὔβουλον
720 666 823 752 Θέμιν
845 661 1011 752 οὐρανίαν.

298 769 414 840 κείνων
435 771 602 842 λυθέντων
625 774 702 850 σαῖς
721 767 791 838 ὑπὸ
812 769 932 860 χερσίν,
954 764 1047 852 ἅναξ.

298 981 413 1066 5545.
440 987 530 1047 Pomo
546 1003 655 1048 versus
670 984 916 1065 Platonicus,
936 1003 976 1044 ex
991 984 1038 1045 his
1053 983 1218 1046 membris:

297 1101 492 1154 :emmo
505 1102 509 1188 Ι
523 1103 618 1150 Lus..
632 1101 635 1186 Ι
650 1104 818 1152 ,ἱνα-ω-
1120 1091 1124 1100 ’

297 1209 393 1296 χαῖρε
421 1201 659 1291 σαλαιογόνων
677 1199 807 1293 α’νδρῶν
834 1208 970 1272 θεατῶν
999 1201 1135 1292 ξύλλογε
1165 1228 1294 1270 παντο-

858 1304 984 1398 σόφων.

297 1517 413 1602 §Mil
439 1521 577 1600 Denique
592 1518 827 1582 Pindarious
850 1539 978 1582 versus:

298 1636 416 1688 Oro-¹-
430 1638 433 1725 Ι
449 1635 645 1687 Lemma-U
659 1637 663 1724 Ι
676 1638 770 1686 ,ἰν-’.-

298 1735 336 1819 ὃς
356 1738 415 1806 καὶ
440 1739 557 1818 τυπεὶς
585 1735 675 1827 ἁγνῷ
697 1736 831 1806 πελέκει
853 1737 966 1808 τέκετο
989 1738 1117 1821 ξανθὰν
1136 1737 1294 1809 Ἀθάναν.

297 1842 399 1932 σοφοὶ
421 1842 459 1912 δὲ
479 1841 539 1910 καὶ
559 1840 599 1910 τὸ
621 1841 724 1933 μηδὲν
745 1835 829 1931 α’γαν
852 1839 936 1922 ἔτεος
958 1838 1096 1934 αἴνησαν
1117 1851 1295 1933 περισσῶς.

297 2069 414 2154 9547.
433 2074 485 2134 Vsi
497 2082 571 2135 sunt
582 2073 630 2134 his
645 2073 785 2152 epitritiS,
800 2089 933 2154 quorum
949 2074 1084 2154 gravitas
1099 2074 1162 2136 iere
1175 2089 1298 2155 semper

211 2177 359 2257 dactylico
383 2196 512 2238 numero
535 2185 739 2258 temperatur,
766 2184 958 2257 augeturque
981 2176 1138 2240 interdum
1154 2179 1296 2240 trochaeo

211 2290 363 2360 semente,
386 2279 425 2341 de
447 2299 508 2360 quo
532 2278 733 2361 intratura.
760 2298 825 2359 seq.
851 2281 936 2360 lyrici
952 2283 1085 2342 maxime
1101 2283 1131 2361 ii,
1151 2283 1205 2360 qui
1221 2301 1296 2361 gra·
1321 2337 1334 2370 ,
1363 2366 1366 2370 ¹

210 2385 371 2464 vissimum
388 2391 420 2445 et
434 2383 719 2464 splendidissimum
736 2401 833 2462 genus
851 2383 961 2464 lyricae
977 2403 1104 2462 poeseos
1119 2385 1291 2464 coluerunt,

210 2499 245 2551 ut
259 2486 409 2550 Pindarus
428 2495 459 2550 et
474 2486 656 2548 Simonides.
690 2484 765 2547 Vide
788 2484 895 2568 §59st
927 2488 1037 2550 Rarius
1058 2483 1184 2570 tragini,
1211 2490 1294 2568 quod

209 2592 239 2652 hi
263 2593 384 2653 numeri
412 2571 653 2671 tranquilliorem
675 2600 706 2651 et
728 2589 911 2652 sedatiorem
941 2593 1135 2654 severitatem
1165 2591 1290 2671 hahent,

208 2715 301 2775 quam
324 2713 403 2774 quae
423 2695 608 2775 plerumque
629 2695 661 2755 in
684 2693 840 2774 tragoedia
859 2694 1035 2773 requiritur.
1070 2696 1180 2758 Rarius
1201 2697 1293 2757 etiam
1314 2729 1316 2732 ·

208 2799 314 2858 comici
329 2798 378 2859 usi
393 2805 475 2859 sunt,

633 3235 746 3304 cAP.
765 3235 858 3304 XII.

386 3388 445 3457 De
472 3387 801 3480 compositione
827 3409 1116 3458 numerorum.

291 3553 408 3639 5548.
439 3558 547 3618 Omnis
571 3559 743 3619 carminum
766 3555 996 3620 condendorum
1018 3559 1094 3619 ratio
1119 3561 1290 3624 continetur

206 3660 421 3739 electione,
448 3669 590 3739 quaeest
613 3661 643 3720 in
658 3659 843 3722 inveniendo
858 3679 968 3740 genere
985 3663 1104 3722 numeri
1120 3663 1164 3723 rei
1179 3665 1289 3743 cuique

205 3771 291 3843 apto,
312 3771 343 3824 et
364 3764 621 3842 tractatione,
650 3783 729 3843 quae
745 3764 776 3825 in
792 3774 862 3842 apta
879 3765 988 3825 horum
1004 3783 1150 3842 generum
1166 3766 1287 3828 coufor-

206 3867 339 3926 matione
355 3873 386 3927 et
400 3866 612 3928 coniunctione
628 3876 778 3928 versatur.

291 4070 314 4151 δ
329 4067 406 4135 549.
434 4074 476 4134 De
500 4073 701 4135 electione
725 4075 821 4137 multa
836 4084 868 4136 et
883 4076 991 4137 musioi
1008 4086 1143 4160 veteres,
1166 4087 1201 4140 ut
1214 4077 1286 4140 Ari-

206 4174 302 4238 stides
310 4175 516 4251 Quintilianus
527 4194 558 4255 p.
572 4177 611 4238 97
625 4196 705 4258 seq,
720 4165 755 4240 'et
767 4179 904 4242 rhetores
917 4179 1141 4244 disseruerunt.
1167 4181 1211 4243 Ea
1228 4201 1285 4244 non
