2930 4962
484 1099 752 1196 LIBER
804 1099 866 1196 ll.

323 1261 397 1346 De
428 1268 618 1357 metris
651 1266 1023 1375 simplicibus,

630 1489 733 1496 —-—-.-

596 1611 707 1684 GAP.
726 1617 759 1684 1.

222 1766 282 1835 De
309 1767 552 1858 generibus
579 1777 814 1839 metrorum
841 1767 1118 1860 simplicium.

213 1936 237 2016 ᾗ
255 1933 330 2000 103.
356 1937 449 1996 Metra
463 1937 611 2014 simplicia
624 1955 780 2018 vocamus,
799 1956 879 2016 quae
895 1955 958 1998 uno
969 1956 1079 2017 genere
1095 1937 1217 1998 numeri

131 2038 310 2118 procedunt.
344 2039 384 2100 Et
399 2059 496 2118 quum
513 2041 633 2101 numeri
653 2058 759 2101 omnes
775 2050 828 2100 aut
843 2041 907 2101 sola
923 2049 1043 2101 tantum
1060 2042 1120 2102 arsi
1138 2059 1217 2101 con-

133 2144 292 2222 tineantur,
311 2150 366 2204 aut
380 2143 482 2204 thesin
497 2143 633 2204 babeant
647 2163 686 2204 ex
699 2143 889 2223 temporibus
906 2145 1111 2206 mensurare}
1127 2147 1216 2223 pari-

127 2245 188 2308 bus
203 2248 282 2326 arsi,
302 2247 351 2308 vel
368 2245 556 2308 minoribus:
576 2249 632 2308 tria
649 2256 778 2326 apparet
792 2265 991 2308 numerorum
1007 2266 1116 2326 genera
1134 2267 1212 2326 esse,

122 2351 260 2431 primum
284 2369 324 2410 ex
347 2350 419 2412 solis
441 2351 580 2428 arsibus;
607 2349 778 2412 secundum
801 2371 840 2412 cx
863 2351 991 2429 peribus
1010 2350 1211 2432 temporibus

122 2454 275 2533 quisunt
304 2455 425 2515 numeri
455 2453 677 2534 pyrrhichiaci,
712 2453 903 2533 tribrachioi,
936 2453 1211 2534 proceleusmatici,

121 2556 296 2636 spondiaci,
312 2557 474 2619 Molossici:
490 2559 614 2620 tertium
628 2578 667 2619 ex
679 2555 850 2638 imparibus
862 2555 1063 2636 temporibus
1076 2557 1214 2636 quisunt

119 2661 245 2722 numeri
259 2659 412 2738 trochaici,
429 2659 581 2742 dactylici,
597 2661 749 2741 paeonici:
769 2661 822 2739 qui
835 2659 918 2739 quod
930 2659 1097 2740 plurimum
1107 2661 1213 2721 varie-

122 2766 191 2826 tatis
208 2773 241 2824 et
256 2767 419 2826 suavitatis
435 2765 566 2845 babent,
586 2766 674 2843 longe
690 2774 765 2825 sunt
779 2765 916 2824 omnium
933 2763 1133 2825 usitatissimi.

513 2973 820 2985 ...mm-.-

573 3118 686 3188 cAP.
700 3119 755 3188 Π.

407 3269 465 3338 De
493 3272 582 3341 arsi
609 3269 724 3342 nuda
751 3281 794 3341 et
819 3271 925 3341 basi.

205 3439 230 3520 ὅ
249 3436 325 3502 104.
353 3440 451 3500 Raro
474 3441 576 3501 arsis
592 3439 697 3501 nuda
713 3451 892 3520 usurpatur.
926 3441 1122 3520 Omninoque
1138 3460 1209 3500 mc-

119 3551 202 3604 trum
226 3563 265 3602 ex
289 3543 362 3604 solis
386 3543 509 3604 arsibus
538 3545 739 3622 compositum
766 3545 982 3606 inconcinnum
1005 3554 1037 3605 et
1064 3563 1208 3625 asperum

119 3645 207 3707 foret.

205 3854 230 3933 ὁ
247 3851 322 3916 105.
340 3853 410 3924 ,8θά
423 3851 541 3932 aliquid
552 3852 728 3915 huiusmodi
743 3857 899 3916 invenitur
913 3857 945 3916 in
959 3855 1058 3918 basi.
1085 3856 1135 3918 Sic
1146 3875 1206 3916 vc-

119 3973 227 4017 cemus
244 3976 408 4018 numerum
425 3978 464 4019 cx
481 3955 604 4018 duabus
619 3956 742 4019 arsibus
759 3959 978 4040 compositum,
999 3962 1053 4040 qui
1067 3961 1099 4020 in
1114 3961 1207 4040 prin-

121 4058 197 4137 cipio
212 4061 418 4139 quorumdam
435 4061 475 4122 ab
491 4062 552 4122 arsi
572 4061 782 4140 incipientium
806 4081 1006 4125 numerorum
1022 4072 1202 4144 usurpatur,

123 4169 157 4220 ut
171 4162 390 4243 dactylicorum
407 4164 623 4245 quorumdam,
642 4174 673 4224 et
688 4165 981 4246 choriambicorum,
1001 4175 1032 4226 ct
1047 4164 1205 4244 logaccdi-

125 4281 237 4328 corum.

169 4384 285 4426 Hermoni
297 4385 397 4436 linitores
408 4385 477 4426 doctr.
489 4385 601 4427 metricae.
1034 4390 1048 4438 3
