2922 4948
232 370 293 432 232
627 386 684 428 m.
704 387 748 428 ιιι.
775 385 838 428 σιν.
856 386 938 428 xun.

234 543 325 617 Quod
336 545 424 623 peius
439 544 532 604 etiam
544 542 588 619 lit,
608 559 681 602 voce
692 539 831 602 enclitica
845 542 877 602 iu
889 541 1037 623 principio
1049 541 1176 604 secundi
1188 541 1325 602 membri

231 649 330 729 posita
340 669 346 706 :

318 775 523 866 ἀτόλματον·
546 773 712 862 ‹llll-pot
733 779 835 863 δεῖμα
857 775 918 862 μὲν
940 775 1196 865 παροιχόμενον.

319 1042 434 1126 5627.
460 1046 529 1119 Quo
545 1044 642 1125 magis
656 1053 760 1106 autern
777 1043 915 1104 membra
932 1044 1002 1104 talia
1018 1053 1107 1122 sunt,
1134 1054 1170 1106 ut
1184 1046 1325 1125 singulos

233 1169 342 1212 versus
354 1152 538 1212 constituere
552 1147 725 1226 videantur,
745 1148 764 1208 i.
781 1167 808 1208 e.
825 1167 886 1227 quo
902 1147 1021 1209 facilius
1032 1167 1130 1230 pausa
1146 1147 1249 1229 aliqua
1266 1149 1325 1211 di«-

233 1256 345 1334 stingui
361 1254 533 1335 postulant,
559 1261 644 1314 tanto
660 1251 755 1332 magis
771 1250 841 1312 illae
858 1260 978 1312 tantum
995 1249 1162 1313 divisiones
1177 1253 1324 1315 vocabu-

234 1359 332 1421 lorum
348 1355 541 1420 adhibendae
557 1367 641 1437 sunt,
657 1376 737 1436 quae
753 1355 914 1416 minimum
927 1355 1102 1418 offensionis
1114 1355 1265 1418 habeant:
1286 1367 1325 1419 ut

234 1463 265 1523 in
280 1460 388 1524 Aescb.
409 1459 514 1542 Agam.
536 1462 630 1522 ll77.

318 1597 453 1680 δαῖμον,
477 1588 516 1672 lig
538 1593 709 1679 ἐμπιτνιῖς
731 1592 864 1678 δώμασι
886 1590 943 1660 καὶ
965 1588 1081 1684 διφυί-

319 1723 390 1768 οιοι
416 1695 684 1767 Τανταλίδαισιν.
757 1695 763 1707 '

318 1962 341 2044 ξ
356 1961 434 2029 628.
462 1965 538 2025 ilinc
550 1963 737 2044 intelligitur,
757 1981 812 2025 cur
827 1965 859 2023 in
871 1961 1059 2044 quibusdam
1074 1963 1217 2026 versibus
1229 1984 1323 2046 saepe

234 2069 273 2129 ita
287 2070 449 2132 coniuncta
465 2069 528 2130 sint
539 2067 689 2146 membra,
709 2077 743 2130 ut
755 2087 845 2130 voces
858 2069 949 2128 etiarn
965 2069 1001 2129 iis
1015 2067 1114 2130 modis
1126 2067 1318 2148 dividantur,

232 2174 286 2251 qui
302 2173 406 2251 aliter,
425 2175 444 2234 i.
465 2191 492 2232 e.
512 2173 625 2233 maiore
639 2189 737 2253 pausa
754 2169 850 2250 lacta,
876 2171 1069 2253 improbandi
1085 2182 1198 2233 essent.
1231 2174 1322 2246 Quod

232 2277 267 2338 lit
282 2278 414 2338 maxime
430 2278 461 2337 in
474 2275 617 2337 versibus
634 2275 673 2336 ab
684 2275 853 2356 antispasto
866 2275 1094 2357 incipientibus,
1110 2278 1188 2338 etin
1204 2277 1251 2356 iis,
1267 2281 1322 2357 qui

232 2380 295 2443 duc
323 2380 567 2462 penthemimere
594 2378 725 2441 iambica
756 2381 923 2442 continent.
959 2376 1132 2458 Aeschylus
1161 2379 1246 2462 Sept.
1279 2381 1322 2442 ad

233 2484 329 2546 Theb.
352 2483 423 2546 lct
443 2485 523 2545 Pers.
544 2485 615 2544 288.
636 2483 741 2563 Agam.
759 2483 830 2545 w.
848 2485 920 2546 200.
940 2501 1004 2563 seq.

315 2610 438 2708 όρφξον
459 2616 583 2684 δον-λων
605 2613 740 2684 δ’λωσιν.

318 2717 451 2788 ἔκτισαν
472 2713 619 2799 cdvi-dag
641 2714 691 2809 ἧδ’
719 2715 910 2807 ἀνάνδρους.

316 2821 458 2910 μιαίνων
480 2821 844 2914 παρθενοσφάγοισιν.

317 2925 420 2994 πνοαὶ
442 2923 472 2994 δ’
495 2923 566 2994 ἀπὸ
587 2928 794 3015 Στρν-μόνος
814 2929 993 3013 μολοῦσαι,

317 3029 518 3115 κακόσχολοι
540 3029 706 3119 vri-cridae
728 3027 898 3120 δόςορμοι.

315 3291 431 3376 9629.
457 3297 596 3376 Denique
608 3296 639 3357 iu
656 3297 804 3358 membris
815 3315 963 3360 versuum
983 3297 1210 3379 distinguendis
1227 3304 1319 3364 etiarn

230 3419 342 3463 sensus
358 3401 454 3464 multo
470 3419 530 3463 usu
546 3399 695 3464 subactus
710 3402 835 3482 acrique
851 3401 961 3464 iudicio
978 3404 1178 3464 confirmatus
1193 3405 1318 3467 accedat

230 3522 357 3566 necesse
372 3513 437 3584 est,
463 3506 516 3584 qui
532 3503 607 3584 quid
623 3506 790 3585 usitatum,
816 3505 891 3585 quid
907 3516 1032 3587 aptum,
1057 3505 1134 3586 quid
1150 3520 1317 3571 venustum

229 3609 279 3686 sit,
299 3607 385 3668 lacile
401 3608 635 3688 animadvertat,
655 3608 878 3690 diligenterque
892 3608 1059 3690 expendat.
1087 3613 1238 3692 Exemplo
1253 3631 1316 3674 rem

229 3710 400 3772 illustrabo.
448 3715 481 3773 ln
513 3713 606 3792 Seph.
640 3712 715 3775 Oed.
750 3716 785 3776 ll.
814 3717 886 3775 660.
927 3713 1106 3777 Erlurdtius
1137 3717 1177 3777 ita
1209 3735 1316 3778 versus

230 3813 382 3876 distinxit:

315 3960 353 4030 οό
376 3961 433 4030 ιδν
455 3962 589 4032 πόντων
611 3966 805 4035 θοῶν-θεόν
827 3965 958 4055 πρόμον

306 4065 437 4134 Ἅλιον·
461 4066 538 4136 ἐπεὶ
559 4062 676 4152 ridens,
700 4112 715 4121 -
740 4064 876 4162 όὶφιλος,
901 4069 921 4138 ό
942 4097 973 4138 τι
996 4070 1151 4158 πύματον

314 4169 468 4259 ὀλοίμαν,
493 4171 674 4266 φρόνησιν
696 4172 727 4243 ελ
748 4171 840 4243 τόνδ’
865 4173 939 4261 ἔχω,
980 4186 982 4190 ’
