2930 4962
297 367 339 429 60
692 381 747 425 ιιι.
768 382 799 424 ιι.
827 381 890 428 ιιι.
908 381 989 424 ιιιιιι.

296 539 405 602 hiirum
420 540 452 599 ni
467 547 557 619 poeta
572 536 616 598 sic
631 535 802 615 scripserit:

383 641 438 722 qui
449 638 515 703 stim
528 639 681 721 pollicitus
695 637 826 700 ducere?
842 672 861 682 -
878 655 940 719 quo
954 637 987 699 id
1000 636 1129 701 addeum
1142 638 1282 721 fiducia?

380 847 405 929 ᾖ
422 844 497 913 183.
522 847 669 909 Vltimum
685 844 798 926 pedem
813 863 927 926 purum
942 845 1080 907 iambum
1094 865 1162 909 esse
1177 865 1306 909 necesse
1319 857 1368 924 est,

254 961 256 966 “
296 953 355 1014 nisi
375 952 430 1013 ubi
449 949 645 1012 continuatur
664 967 813 1012 numerus
834 967 904 1010 cum
925 958 1074 1028 sequente
1091 968 1200 1030 versu,
1226 970 1289 1032 quo
1304 950 1371 1012 iacto

295 1063 327 1116 et
347 1054 414 1116 aliis
429 1051 579 1133 pedibus,
604 1061 636 1114 et
650 1051 792 1114 solutioni
812 1070 916 1114 arseos
930 1052 1015 1114 locus
1030 1061 1087 1114 est.
1122 1053 1165 1116 De
1181 1073 1246 1136 qua
1262 1073 1295 1116 re
1310 1073 1372 1114 mor

296 1154 464 1242 caetui-§5
482 1157 553 1217 tas.
575 1157 646 1216 tao.

696 1539 809 1610 OAP.
827 1539 978 1611 xvm.

330 1695 388 1776 De
415 1693 757 1764 continuatione
783 1692 952 1763 numeri
979 1691 1200 1779 trochaici
1228 1694 1341 1789 apud

719 1812 944 1885 Romanos.

378 1979 494 2064 §184
526 1983 559 2044 in
579 1985 785 2044 Romanomm
804 1980 968 2044 comoediis
984 2002 1075 2064 saepe
1092 1990 1256 2048 mutantur
1272 1992 1368 2059 metra,
1428 1971 1429 1974 '

293 2090 333 2149 ita
347 2096 384 2159 ut
399 2087 557 2172 trochaicis
572 2085 715 2148 versibus
730 2085 863 2166 iambici,
881 2085 1017 2148 iambicis
1033 2087 1172 2148 trochaici
1188 2088 1367 2163 inserantur,

199 2188 203 2198 '
292 2193 477 2270 omninoque
492 2190 599 2271 plures
614 2190 735 2252 numeri
751 2190 892 2253 trochaici
908 2188 1023 2251 formae
1038 2191 1262 2268 consocientur.
1295 2193 1369 2264 Quae

291 2313 341 2356 res
357 2295 495 2356 instituta
510 2293 634 2357 videtur
648 2313 687 2356 ex
702 2301 789 2374 parte
804 2290 845 2354 ad
860 2294 1036 2375 exemplum
1058 2302 1281 2374 systematum,
1304 2293 1369 2373 qui·
1429 2287 1430 2320 ³

291 2397 351 2461 bus
367 2399 474 2460 Graeci
489 2406 635 2476 utuntur,
661 2395 718 2459 sed
733 2396 836 2457 urinus
851 2413 957 2457 severa
973 2414 1134 2477 compage,
1153 2397 1247 2460 modo
1263 2413 1369 2478 perpe-

290 2508 377 2565 tuato
391 2500 568 2581 perplures
584 2518 694 2563 versus
710 2517 849 2578 numero,
868 2498 959 2562 modo
973 2516 1035 2561 non
1051 2509 1244 2580 perpetuata.

375 2703 491 2787 5185.
523 2709 638 2770 Verum
660 2724 722 2770 non
743 2715 857 2769 temere
873 2715 1011 2771 mutatur
1025 2725 1192 2770 numerus:
1220 2727 1284 2790 qua
1298 2707 1329 2768 in
1342 2721 1368 2764 rc

290 2830 382 2892 saepe
410 2811 548 2891 peccavit
573 2812 605 2872 in
631 2811 771 2872 Terentio
797 2810 967 2872 Bentleius:
1002 2810 1058 2873 scd
1083 2818 1208 2890 propter
1234 2811 1367 2875 idoneam

288 2932 440 2975 caussam.
475 2914 525 2975 Sic
545 2913 600 2975 ubi
619 2933 658 2975 ex
678 2913 822 2974 alacriore
837 2901 986 2994 colloquio
1002 2912 1043 2976 ad
1057 2915 1265 2976 narrationem
1280 2911 1367 2976 seda-

289 3018 397 3079 tiorem
418 3017 580 3096 transitur,
606 3025 641 3079 ut
662 3016 694 3076 in
710 3015 832 3079 Curcul.
852 3015 886 3077 V.
907 3016 936 3095 2,
957 3019 1007 3078 37.
1027 3024 1081 3078 aut
1101 3016 1156 3077 ubi
1177 3018 1305 3098 epistola
1320 3033 1367 3076 re-

289 3120 415 3197 citatur,
441 3137 521 3200 quae
536 3139 585 3182 res
601 3116 685 3198 quod
700 3119 783 3179 omni
798 3126 884 3180 motu
898 3127 997 3198 earet,
1023 3120 1152 3181 trimetri
1174 3119 1364 3192 adhibentur,

289 3223 371 3284 utin
387 3221 493 3284 Bacch.
510 3222 558 3283 IV.
579 3226 609 3301 9,
629 3220 679 3281 tt.
700 3221 731 3281 in
747 3219 856 3282 Pseud.
871 3222 921 3285 lv.
937 3223 967 3300 2,
986 3225 1035 3284 tt.
1054 3222 1087 3282 in
1103 3223 1192 3285 Persa
1207 3224 1257 3286 lv.
1274 3227 1303 3303 3,
1319 3221 1363 3282 32·

289 3326 388 3388 Etiam
404 3326 574 3388 sententiae
585 3334 617 3387 et
630 3324 793 3406 proverbia
805 3326 950 3387 trimetris
963 3326 1172 3407 proferuntur,
1187 3336 1224 3390 ut
1238 3328 1271 3389 in
1282 3327 1363 3403 Capt.

289 3429 323 3490 ll.
345 3431 374 3509 4,
394 3431 423 3490 6.
445 3431 473 3489 8.
508 3429 601 3492 Stich.
621 3429 656 3491 11.
678 3430 778 3508 huc.
811 3428 851 3491 Et
872 3428 1088 3492 iusiurandum
1110 3429 1189 3493 Rud.
1209 3432 1245 3493 V.
1266 3431 1296 3508 2,
1318 3425 1362 3487 74.
1396 3425 1399 3436 ’

289 3534 368 3594 Tum
392 3540 531 3595 mutatur
552 3534 644 3594 etiam
666 3550 832 3611 numems,
861 3531 918 3594 ubi
942 3534 1019 3595 ratio
1045 3534 1195 3596 sermonis
1222 3538 1362 3602 mutatur,

288 3653 372 3697 nunc
391 3633 567 3698 discedente
585 3636 689 3716 aliqua
709 3653 856 3717 persona,
882 3645 918 3698 ut
932 3638 964 3697 in
980 3637 1087 3699 Heaut.
1106 3637 1141 3699 V.
1161 3638 1192 3716 2,
1211 3639 1263 3700 25.
1298 3633 1361 3694 Hoc·

288 3739 336 3799 IV.
358 3738 386 3816 4,
411 3740 461 3799 et.
495 3736 681 3818 Adelphii.
704 3741 732 3817 4,
758 3739 808 3800 43.
837 3738 886 3802 IV.
906 3739 935 3818 5,
963 3739 1036 3817 73.,
1065 3757 1150 3802 nunc
1173 3738 1361 3808 adveniente,

288 3842 369 3904 utin
385 3841 493 3902 Heaut.
513 3841 547 3903 11.
569 3843 598 3917 i,
618 3841 669 3902 26.
696 3840 815 3903 Phorm.
835 3841 870 3902 ll.
892 3842 920 3921 4,
940 3843 992 3905 23.
1011 3859 1074 3922 quo
1089 3841 1167 3905 iacto
1182 3845 1273 3905 etiam
1289 3852 1364 3903 unus

287 3944 366 4007 alius
382 3963 491 4006 versus
506 3943 662 4025 inseritur,
683 3945 766 4006 utin
780 3941 876 4006 Andr.
896 3945 931 4006 14,
953 3946 982 4024 4,
1003 3945 1053 4006 48.
1087 3946 1280 4028 Omninoque
1295 3961 1364 4005 mu·

288 4049 345 4110 tari
367 4066 517 4110 numerus
540 4048 631 4126 solet,
658 4045 847 4127 ubicumque
869 4045 987 4128 aliquid
1008 4047 1129 4129 incidit,
1156 4069 1252 4131 quare
1274 4047 1361 4110 foma

287 4152 430 4232 colorque
445 4151 589 4214 orationis
605 4159 732 4230 repente
746 4151 825 4214 alius
840 4150 902 4213 fiat.
929 4149 1005 4214 Vide
1020 4149 1118 4215 Andr.
1132 4153 1181 4216 ΙΙΙ.
1198 4155 1228 4234 2,
1249 4151 1296 4214 47.
1313 4149 1356 4208 th·

287 4256 358 4320 Hcc.
377 4255 413 4319 11.
434 4255 534 4335 tuo.
567 4254 686 4316 Phorm.
705 4254 728 4316 1.
748 4257 778 4335 3,
802 4255 852 4319 25.
873 4255 924 4318 26.
958 4255 993 4320 V.
1015 4255 1043 4334 i,
1064 4258 1114 4320 tc.
1135 4258 1186 4320 20.
1220 4248 1356 4320 Eule·
