2896 4960
283 339 342 399 108
681 355 737 398 nra.
758 356 790 398 u.
817 356 879 398 mr.
899 355 962 398 xxv.

279 509 396 572 Eadem
413 527 533 588 caussa,
548 508 632 588 quod
647 510 768 573 numeri
783 508 848 571 vim
863 508 895 570 in
910 517 1048 576 exuemo
1064 525 1157 570 versu
1174 507 1270 570 minui
1283 526 1350 566 cen-

279 613 374 692 venit,
394 613 497 676 minus
511 613 666 694 elegantes
681 621 756 676 sunt
771 611 920 692 longiores
936 631 971 672 eo
987 611 1018 674 in
1035 611 1100 674 loco
1115 629 1219 688 voces,
1234 619 1269 672 nt
1281 609 1352 691 apud

279 718 399 780 Lucret.
419 716 468 778 Ill.
488 714 539 779 7⁴.

368 819 578 902 cmduplicoat
592 819 689 895 avidi,
708 816 829 882 caedem
845 817 934 882 coedi
947 818 1182 882 accumulantes.

363 1023 479 1109 5323.
513 1029 557 1090 lle
579 1043 725 1090 mensura
740 1024 933 1107 disputatum
947 1028 979 1088 in
1002 1025 1076 1090 diss.
1088 1025 1136 1088 'de
1150 1035 1254 1090 aetate
1268 1025 1351 1104 Orph.

278 1129 349 1211 Arg.
379 1140 410 1192 et
435 1151 452 1191 a
479 1131 640 1210 Spitznero
666 1131 698 1192 in
723 1129 801 1190 libro
826 1128 866 1192 de
891 1129 1077 1192 Graecorum
1108 1149 1206 1195 versu
1235 1130 1350 1192 heroico.

278 1234 473 1296 Grammatici
496 1234 660 1296 abnormes
681 1251 792 1296 versus
814 1239 1053 1296 commemorant
1073 1221 1284 1319 ἀκεφάλους,
1307 1228 1354 1292 lo-

278 1328 416 1419 μαρσῦς,
442 1327 634 1417 μειούρους,
657 1327 894 1420 δολιχοοῦρσυς
915 1336 980 1398 sive
994 1331 1253 1420 μακρσσκελεῖς,
1282 1353 1353 1417 σιρο-

278 1430 460 1523 κεφάλοος,
484 1429 711 1524 σρσκοιλίσος.
741 1437 817 1502 Vide
832 1436 1025 1502 Athenaeum
1041 1439 1116 1502 XlV.
1136 1457 1168 1520 p.
1191 1442 1265 1500 620.
1284 1439 1351 1500 (let

278 1541 462 1604 Scholiastas
474 1542 715 1622 Hephaestionis.
743 1541 823 1605 Nihil
839 1542 915 1604 haec
930 1543 989 1606 nisi
1003 1551 1176 1606 commenta
1189 1551 1275 1622 sunt,
1290 1559 1351 1620 pm-

191 1731 193 1736 ·
278 1643 383 1708 sodiae
399 1645 587 1726 ignoratione
601 1647 778 1727 excogitata.

364 1849 481 1934 5³24.
507 1845 625 1916 Eodem
640 1853 831 1936 referendus,
847 1855 901 1936 qui
916 1862 1102 1937 anapaestus
1120 1854 1169 1915 vel
1185 1853 1353 1936 proceleus-

278 1957 408 2022 maticus
422 1975 479 2037 pro
494 1956 630 2038 spondeo
645 1958 697 2020 vel
712 1956 834 2038 dactylo
848 1956 946 2020 videri
968 1967 1084 2040 petest,
1110 1955 1351 2022 contractionem

278 2060 451 2142 spondeum
467 2061 517 2122 vel
532 2059 689 2140 dactylum
705 2061 890 2126 mutandus:

362 2158 489 2249 Βορέης
509 2159 567 2226 καὶ
588 2158 754 2250 Ζέφυρος,
777 2156 826 2226 τώ
846 2183 882 2228 τε
906 2157 1082 2250 Θρῄκηθεν
1103 2154 1217 2251 ῦητσν.

363 2261 421 2330 νέα
443 2263 503 2347 μέν
523 2285 584 2347 μοι
605 2262 744 2344 κατέαξε
766 2260 967 2330 Ποσειδάων
988 2260 1184 2350 ἐνοσίχθων.

363 2364 501 2444 πλέονές
522 2390 578 2432 κεν
599 2372 779 2456 μνηστῆρες
801 2364 835 2433 ἐν
855 2360 1048 2451 ὑμετέροισι
1069 2364 1237 2452 δόμοισιν.

330 2541 332 2546 ,
362 2467 399 2537 a
422 2468 459 2538 δὲ
482 2466 619 2548 στέατος
642 2464 745 2538 ἔνεικε
765 2465 869 2555 μέγαν
891 2465 1009 2555 τροχόν
1031 2466 1125 2538 ἔνδον
1152 2469 1275 2549 ἐόντος.

276 2577 360 2641 lliad.
381 2598 406 2655 ι,
423 2581 451 2639 ὅ.
472 2584 511 2661 ψ.
530 2579 601 2640 195.
631 2576 690 2640 Οδ.
710 2597 734 2638 ι.
750 2580 825 2640 283.
843 2595 873 2640 σ.
891 2577 963 2639 cte.
984 2597 1021 2662 φ.
1038 2577 1110 2640 478.
1132 2580 1207 2644 ⁴83.
1248 2575 1351 2639 Ennius

276 2692 378 2744 tamen
399 2692 430 2743 et
443 2681 752 2762 proceleusmaticum
771 2689 802 2742 et
817 2691 1019 2760 anapaestum
1042 2683 1073 2744 in
1092 2683 1191 2762 primo
1208 2680 1287 2764 pede
1299 2675 1350 2740 ad·
1414 2689 1415 2718 l

276 2787 360 2846 misit
375 2787 405 2846 in
421 2785 468 2846 his
484 2786 629 2848 versibus
644 2805 675 2866 p.
698 2787 769 2846 t35.
792 2787 863 2846 l59.
882 2785 933 2846 ed.
953 2784 1069 2846 llesscl.

362 2887 511 2968 capitibus
525 2890 662 2951 autentis
675 2891 934 2968 pincernasque
949 2905 1116 2968 cupressos,

310 3003 312 3008 '
364 2991 567 3067 malcomum,
586 2991 719 3070 turdum,
738 2989 957 3072 σιεταίααιηιιε,
975 2991 1172 3072 amnemque
1186 2991 1336 3054 marmora.

359 3194 481 3279 5325.
519 3197 709 3260 Trocheeum
730 3172 787 3279 pre
810 3195 947 3277 spondeo
973 3199 1123 3260 Homerus
1146 3199 1277 3261 indulsit
1299 3189 1345 3255 sibi

274 3304 383 3383 paucis
409 3301 599 3384 quibusdam
625 3303 657 3364 in
683 3301 775 3381 locis,
805 3308 836 3362 et
861 3298 987 3380 quidem
1010 3301 1042 3361 in
1065 3301 1164 3382 primo
1190 3308 1346 3382 quartoque

274 3407 363 3490 pede.
391 3407 450 3469 Od.
470 3428 498 3468 κ.
518 3408 588 3469 493.
607 3425 642 3488 μ.
659 3406 732 3468 267.
751 3405 858 3483 hymn.
878 3401 977 3487 Apoll.
998 3404 1069 3467 373.

359 3502 500 3590 μάντιος
521 3499 639 3572 ἀλαοῦ.

359 3607 497 3676 Πύθιον
517 3609 694 3694 καλέουσιν
716 3602 900 3693 ἐπώνυμον.

275 3714 360 3778 lliad.
379 3718 502 3799 β.731.
523 3735 552 3778 ο.
569 3718 642 3778 stt.

359 3818 426 3882 τῶν
447 3805 528 3882 αὖθ’
549 3809 711 3904 ἡγείσθην
733 3815 937 3902 Ἀσκληπιοῦ
958 3809 1016 3880 δύο
1039 3814 1156 3881 τιαῖδε.Ι

361 3916 556 4008 ἐντρέπεται
577 3913 679 4007 φίλον
699 3907 791 4006 ἦτορ,
816 3911 961 4011 ἀνεψιοῦ
982 3913 1169 4000 κταμένοιο.
1291 3913 1293 3920 ’

178 4022 190 4050 “
274 4029 350 4107 Etsi,
365 4045 464 4108 quum
479 4026 602 4106 inerint,
618 4026 673 4107 qui
685 4017 886 4109 ΙΑσκληττιόο
902 4026 1146 4105 pronuntiarent,
1162 4026 1218 4090 hoc
1233 4016 1342 4105 quiden

274 4132 315 4194 ab
337 4139 468 4192 accentu
490 4131 611 4192 veniam
635 4112 749 4192 hahere
776 4130 884 4210 potuit.
926 4127 1002 4192 Vide
1024 4127 1122 4191 Elem.
1141 4129 1173 4190 d.
1192 4149 1232 4190 m.
1249 4145 1279 4208 p.
1298 4120 1338 4178 5⁶·

274 4234 352 4314 Alia,
371 4253 452 4316 quae
467 4235 528 4298 huc
543 4234 622 4298 trahi
637 4243 778 4314 possunt,
798 4253 827 4296 v.
848 4250 943 4314 supra
958 4230 996 4316 ἕξ
1012 4233 1063 4294 Ἠ.
1081 4235 1131 4296 83.
1151 4241 1183 4296 et
1197 4229 1267 4296 3t7.
