2930 4962
372 371 409 414 nr
425 371 550 414 uuorors
567 367 722 414 rarusrms
737 371 937 416 rcnrmrcrrs.
1155 355 1193 415 51

201 520 225 601 ὁ
248 518 324 586 157.
357 521 523 605 Anapaesti
542 523 687 588 admissio
710 526 742 587 in
763 527 900 590 trimetro
919 527 1034 588 comico
1056 525 1140 607 lacit,
1167 534 1204 588 nt

110 643 176 684 non
192 625 311 706 ubique
325 644 396 690 eum
412 649 448 690 eo
462 627 542 710 pede
553 630 713 691 cohaerere
729 630 849 709 possint
860 629 1034 692 tribrachus
1048 639 1079 690 et
1089 629 1203 710 dacty-

111 729 179 808 lus,
208 739 244 792 ut
259 732 463 810 significatum
479 741 526 793 est
545 730 564 814 Ι
582 734 652 795 133.
687 733 762 796 liius
777 735 821 794 rei
836 731 949 813 tn'plex
965 735 1040 795 ratio
1055 742 1111 795 est.
1145 734 1203 794 Di-

108 831 214 912 podiis
234 849 274 893 ex
292 836 560 913 grammaticorum
583 839 750 918 sententia,
776 835 938 898 ordinibus
961 853 999 898 ex
1023 846 1126 900 nostra
1142 836 1203 898 de-

109 937 249 1017 scriptis,
268 937 334 998 fieri
349 947 450 1020 potest
464 947 499 1000 ut
514 937 545 1000 hi
560 939 658 1018 pedes
673 940 900 1002 consocientur:

201 1047 252 1094 υ-’
274 1047 324 1095 υ.’
361 1063 387 1096 υ
398 1049 422 1096 .'.
434 1048 481 1096 aL

260 1173 338 1217 υύυ
347 1169 422 1217 wJ.
430 1170 480 1216 vL

200 1272 261 1320 υ.’
275 1288 301 1320 υ
326 1271 351 1320 L
397 1272 470 1321 Act
517 1269 520 1273 ’

237 1281 423 1480 έυυωῖΙέ

111 1506 229 1568 lctibus
246 1525 262 1567 e
278 1508 546 1587 grammaticorum
562 1508 713 1569 sententia
728 1507 852 1587 positiS,
876 1508 996 1567 numeri
1018 1509 1202 1587 perversitas

118 1611 221 1689 oritur,
241 1611 382 1672 trochaeo
396 1611 428 1672 in
443 1610 750 1691 proceleusmaticum
766 1618 901 1674 mutato:

198 1737 225 1769 υ
239 1720 244 1806 Ι
257 1721 307 1768 Lu
320 1720 325 1806 Ι
337 1725 440 1768 ww
454 1721 458 1806 Ι
472 1757 493 1768 -

114 1835 204 1898 Positi
234 1843 338 1897 autem
365 1853 405 1897 cx
431 1843 534 1896 nostra
564 1835 714 1896 sententia
742 1836 821 1896 ictus
846 1843 1023 1916 repugnant
1047 1833 1202 1896 doetrinae

118 1940 393 2016 grammaticorum,
414 1937 516 1999 iamho
531 1945 648 2000 mutato
664 1938 696 1998 in
711 1938 1036 2018 proceleusmaticum:

203 2050 250 2098 υί.
263 2049 268 2135 Ι
280 2051 384 2097 ww
397 2047 401 2133 Ι
413 2047 463 2096 υ.’

121 2157 210 2242 Atqui
239 2165 338 2228 Latini
367 2171 492 2243 poetae,
525 2162 579 2242 qui
610 2161 764 2241 quomodo
793 2160 921 2226 notandi
946 2163 1009 2224 sint
1034 2164 1114 2225 ictus
1140 2182 1201 2226 non

118 2265 247 2330 dubium
262 2267 457 2348 relinquunt,
481 2265 595 2346 ingenti
616 2265 829 2346 exemplorum
850 2267 937 2346 copia
951 2274 1088 2328 nostram
1104 2267 1201 2328 ratio-

114 2388 185 2434 nem
200 2371 393 2432 confirmant.
421 2371 498 2430 Rara
515 2367 600 2449 apud
615 2369 745 2430 Graecos
760 2369 902 2449 exempla
918 2379 1001 2447 sunt,
1020 2367 1078 2430 sed
1092 2367 1199 2429 eodem

111 2473 274 2536 ducentia:
301 2482 336 2535 ut
358 2471 444 2551 apud
463 2470 617 2552 Aristoph.
636 2472 713 2534 Plut.
736 2473 843 2552 toll,
870 2491 964 2553 quem
979 2487 1104 2532 versum
1120 2469 1199 2531 alie-

110 2590 185 2642 mm
199 2577 325 2640 Photius
341 2586 372 2639 et
387 2575 518 2638 Thomas
533 2577 570 2638 ll.
587 2576 618 2636 in
633 2561 892 2656 ὑποκορίζομαι,
909 2572 1020 2636 Suidas
1035 2575 1067 2634 in
1082 2565 1200 2656 νηττά-

110 2703 195 2768 ριον,
220 2681 406 2744 Scholiastes
422 2677 564 2741 Aristidis
582 2695 632 2758 ap.
650 2676 866 2738 Frommelinm
880 2697 912 2759 p.
930 2677 1001 2738 1158.
1021 2685 1061 2756 et,
1087 2674 1142 2736 uhi
1158 2663 1199 2736 iio

113 2786 210 2868 deest,
230 2787 262 2848 in
278 2784 327 2847 ed.
343 2783 434 2846 Dind.
454 2803 485 2863 p.
504 2783 574 2844 132.
595 2790 626 2844 ct
639 2798 688 2861 ap.
705 2781 859 2843 Platonem
875 2781 907 2842 in
921 2778 1021 2844 Schol.
1037 2777 1078 2840 ad
1089 2777 1194 2860 Eurip.

111 2891 182 2954 Hec.
204 2891 267 2952 838
288 2886 370 2970 (sat.
391 2885 440 2948 ed.
460 2883 593 2968 Matth.).

198 3001 375 3096 νηττάριον
391 2997 431 3070 dv
446 3001 504 3071 καὶ
519 2997 661 3094 φάττιον
675 2993 901 3089 ὑπεκορίζετο.

199 3099 300 3188 οὗτος
314 3103 366 3186 τίς
381 3099 430 3188 εἷς
444 3106 517 3193 ls'ye
531 3101 627 3188 ταχύ·
642 3099 678 3172 τί
693 3108 807 3194 royda,-
822 3099 882 3172 orio
898 3103 1003 3193 ἓρεῖς,·

111 3237 208 3299 Nemo
224 3235 308 3296 enim
323 3234 355 3294 in
370 3232 487 3312 prima,
513 3248 575 3292 non
597 3231 628 3291 in
644 3227 780 3292 secunda
796 3229 1058 3308 proceleusmatici
1079 3227 1199 3307 syllaba

111 3341 208 3400 ictum
223 3334 351 3398 notabit.
385 3335 491 3413 ltaque
513 3333 580 3396 iure
595 3341 783 3411 statuemus,
810 3332 932 3412 dactylo
952 3331 1085 3393 trochaei
1100 3331 1197 3391 vicem

111 3441 230 3502 tenenti
245 3445 327 3500 recte
342 3435 508 3500 succedere
522 3436 723 3516 tribrachum,
740 3435 793 3514 qui
805 3433 931 3514 quidem
946 3433 1040 3496 ictum
1055 3435 1088 3494 in
1099 3433 1198 3514 prima

111 3543 234 3624 syllaba
250 3542 373 3606 haheat.

200 3785 224 3868 ἦ
240 3781 315 3851 158.
344 3781 488 3847 Secunda
503 3781 578 3843 ratio
592 3780 669 3841 haec
683 3788 745 3842 est:
