2896 4960
283 355 344 418 174
697 371 754 414 ιιι.
773 373 818 418 ιιι.
844 371 907 416 cor.
927 348 960 414 ir.

277 544 338 586 non
361 525 461 587 solum
485 534 611 606 propter
632 525 807 606 ambiguam
831 543 1009 586 mensuram
1032 525 1121 587 verbi
1146 519 1303 610 χρύσεος,
1329 525 1366 589 de

213 701 216 706 ¹
278 647 340 708 qua
366 649 398 692 v.
416 629 513 692 Elem.
533 627 565 690 d.
584 649 625 690 m.
645 650 677 711 p.
699 631 763 708 tt,
793 627 981 710 sedetiam,
1012 630 1084 708 quia
1107 627 1208 692 deleto
1230 616 1259 694 ὦ
1282 630 1367 692 lacile

278 733 398 794 restitui
414 733 509 795 altera
527 732 673 814 Glyconei
688 731 786 794 forma
801 740 911 812 potest.

363 963 485 1046 5475.
528 967 610 1028 Solvi
641 985 713 1028 vero
740 965 907 1029 choriambi
935 966 1029 1036 huius
1054 975 1221 1050 utramque
1248 969 1368 1048 longam

278 1070 359 1131 licet.
385 1072 492 1150 Eurip.
512 1070 620 1132 Bacch.
643 1072 676 1130 44
685 1074 714 1130 0.
736 1071 806 1131 447.

365 1180 464 1252 ἑκεῖσ’
489 1179 550 1273 ὂῖγε
571 1211 622 1270 με,
649 1183 787 1274 Βρόμιε,
810 1184 947 1278 Βρόμιε.

364 1288 474 1380 σοφὰν
497 1283 526 1356 d'
551 1281 656 1373 divexo
678 1287 838 1377 πραπίδα
861 1287 966 1380 φρένα
988 1315 1034 1356 τε.

364 1525 389 1609 5
402 1524 481 1592 476.
515 1529 591 1589 Nam
606 1529 664 1590 etsi
681 1528 825 1610 Glycooei
847 1527 1003 1592 interdum
1027 1545 1090 1590 uon
1103 1538 1291 1610 perpetuata
1306 1549 1367 1592 nu-

279 1651 363 1692 mero
379 1651 447 1694 sese
463 1633 636 1712 excipiunt,
664 1631 747 1712 unde
769 1641 800 1692 ot
821 1631 924 1695 hiatus
948 1634 978 1694 in
1003 1632 1064 1693 line
1080 1632 1181 1694 locum
1201 1634 1317 1714 habet,
1342 1643 1369 1694 et

279 1735 399 1815 syllaba
415 1755 528 1817 anceps
548 1734 629 1818 (vido
649 1735 776 1797 Seidler.
796 1735 836 1796 ad
858 1736 965 1818 Eurip.
984 1736 1097 1798 Electr.
1118 1739 1188 1798 t53.
1209 1746 1241 1798 et
1266 1737 1364 1818 2074,

279 1849 383 1901 tamen
407 1839 592 1920 plerumque
618 1842 650 1902 in
677 1848 845 1921 systemata
872 1841 1044 1920 coniuncti,
1074 1840 1200 1902 excluso
1227 1841 1317 1912 hiatu
1342 1849 1368 1900 et

151 1986 154 1992 ,
279 1943 399 2024 syllaba
415 1944 549 2023 ancipiti,
570 1963 631 2004 non
648 1943 738 2006 modo
753 1942 848 2004 verba
865 1927 946 2004 inter
960 1943 1037 2004 duos
1053 1963 1163 2006 versus
1179 1943 1291 2024 dividi,
1317 1942 1366 2004 sed

280 2049 372 2108 etiam
388 2047 527 2108 ultimam
543 2067 654 2109 versus
669 2047 821 2128 syllabam
844 2047 920 2108 solvi
942 2049 1113 2126 patiuntur.
1151 2047 1227 2111 Vide
1244 2049 1366 2110 Seidlo-

283 2150 409 2213 rumde
424 2170 522 2214 vcrss.
542 2150 662 2213 dochm.
680 2171 712 2231 p.
732 2153 805 2213 260.
825 2160 856 2212 ct
870 2149 911 2212 ad
925 2151 1031 2230 Eurip.
1050 2151 1115 2230 lph.
1136 2154 1227 2212 Tour.
1250 2156 1344 2215 4076.

366 2386 390 2468 ξ
404 2382 484 2449 477.
516 2384 785 2459 Quemadmodum
800 2384 985 2447 dochmiacis
1001 2383 1145 2448 versibus
1160 2387 1210 2446 alii
1232 2387 1363 2458 numeri,

279 2489 395 2551 similes
410 2491 484 2571 illis,
511 2490 560 2552 vel
584 2497 687 2570 partes
703 2508 826 2568 eorum,
853 2498 884 2550 et
906 2490 1155 2552 intermiscentur
1168 2501 1200 2552 et
1214 2492 1364 2571 copulan-

280 2602 348 2672 tur,
374 2593 415 2654 ita
438 2594 529 2654 etiam
547 2593 708 2673 Glyconeis
724 2595 833 2674 ingens
849 2593 1015 2658 multitudo
1030 2613 1178 2656 versuum
1194 2595 1299 2656 iuncta
1316 2597 1364 2654 in-

280 2699 421 2776 venitur,
448 2699 501 2776 qui
517 2697 566 2759 vel
582 2699 696 2760 similes
711 2700 748 2760 iis
763 2699 841 2778 sint,
867 2697 918 2759 vol
939 2698 999 2779 ipsi
1021 2716 1060 2758 ex
1075 2698 1256 2779 Glyconeis,
1282 2707 1363 2780 parta

281 2801 381 2880 aliqua
399 2799 522 2882 dempta
540 2803 587 2862 vel
605 2801 724 2882 addita,
749 2810 900 2864 constent.
933 2802 969 2862 lli
985 2802 1176 2864 versus-hoc
1191 2803 1257 2864 lere
1280 2785 1368 2865 oom-¹

281 2923 377 2966 mune
392 2904 517 2986 habent,
544 2904 628 2986 quod
644 2905 856 2968 choriambum
872 2906 1039 2988 continent,
1062 2907 1111 2968 alii
1126 2905 1199 2988 pedi
1214 2908 1358 2970 iunctum.

366 3135 483 3219 5478.
517 3139 737 3202 Vsitatissimae
759 3140 817 3202 hae
840 3139 903 3202 iere
926 3140 1041 3204 formae
1056 3149 1138 3204 sunt.
1173 3143 1272 3206 Primo
1290 3143 1361 3204 bre-

280 3261 426 3306 vissimae

367 3359 591 3460 ιυἩῡΛθι
617 3365 637 3420 ,ς
660 3366 680 3418 ,ι
705 3362 828 3452 yma,

280 3507 360 3567 quae
382 3497 485 3550 tamen
506 3497 611 3550 utrum
632 3489 713 3549 inter
734 3507 767 3550 se
788 3495 981 3569 permutatae
996 3487 1128 3568 luerint,
1154 3507 1194 3550 an
1209 3509 1286 3568 non,
1311 3489 1358 3550 iu·

281 3600 398 3652 certum
425 3590 614 3672 relinquam,
646 3609 743 3670 quum
770 3590 830 3651 sibi
857 3600 999 3652 accurate
1025 3591 1211 3670 respondere
1236 3593 1354 3656 soleant.

281 3691 357 3754 Vide
373 3693 508 3776 tamen§
527 3697 597 3756 t93.
624 3694 718 3774 Soph.
737 3693 813 3755 Oed.
834 3692 896 3756 Col.
918 3696 990 3756 ⁴28.
1012 3697 1083 3758 460.

367 3804 409 3888 ἃς
429 3807 591 3897 τρέμομεν
613 3807 728 3898 λέγειν.

367 3910 508 4002 ῥεύματι
530 3911 706 4004 συντρέχει.

281 4037 387 4118 Eurip.
407 4039 479 4100 Hec.
500 4041 573 4101 637.
594 4040 665 4101 oto.
722 4080 725 4089 ·

367 4151 464 4234 ἅλιος
486 4149 629 4242 αὕγάζει.

366 4259 495 4336 παῖδας
516 4253 599 4349 ἀνὴρ
621 4256 757 4345 doricae.
