<?xml version="1.0" encoding="UTF-8"?>
<!DOCTYPE html PUBLIC "-//W3C//DTD XHTML 1.0 Transitional//EN"
    "http://www.w3.org/TR/xhtml1/DTD/xhtml1-transitional.dtd">
<html xmlns="http://www.w3.org/1999/xhtml" xml:lang="en" lang="en">
 <head>
  <title>
</title>
<meta http-equiv="Content-Type" content="text/html;charset=utf-8" />
  <meta name='ocr-system' content='tesseract 3.04.00' />
  <meta name='ocr-capabilities' content='ocr_page ocr_carea ocr_par ocr_line ocrx_word'/>
</head>
<body>
  <div class='ocr_page' id='page_1' title='image "./doctrinaemetric00hermgoog/doctrinaemetric00hermgoog_0161.png"; bbox 0 0 2896 4960; ppageno 0'>
   <div class='ocr_carea' id='block_1_1' title="bbox 255 305 944 372">
    <p class='ocr_par' dir='ltr' id='par_1_1' title="bbox 255 305 944 372">
     <span class='ocr_line' id='line_1_1' title="bbox 255 305 944 372; baseline 0.003 -4"><span class='ocrx_word' id='word_1_1' title='bbox 255 305 317 372; x_wconf 87' lang='grc'><strong>438</strong></span> <span class='ocrx_word' id='word_1_2' title='bbox 647 327 704 370; x_wconf 80' lang='lat' dir='ltr'><strong>rm.</strong></span> <span class='ocrx_word' id='word_1_3' title='bbox 723 329 755 370; x_wconf 86' lang='lat' dir='ltr'><strong>rr.</strong></span> <span class='ocrx_word' id='word_1_4' title='bbox 782 327 844 370; x_wconf 80' lang='grc' dir='ltr'><strong><em>ωε.</em></strong></span> <span class='ocrx_word' id='word_1_5' title='bbox 862 327 944 370; x_wconf 82' lang='lat' dir='ltr'><strong>mr.</strong></span> 
     </span>
    </p>
   </div>
   <div class='ocr_carea' id='block_1_2' title="bbox 185 469 1344 2426">
    <p class='ocr_par' dir='ltr' id='par_1_2' title="bbox 185 469 1344 2426">
     <span class='ocr_line' id='line_1_2' title="bbox 338 469 848 568; baseline -0.004 -24"><span class='ocrx_word' id='word_1_6' title='bbox 338 483 397 568; x_wconf 77' lang='grc' dir='ltr'><strong>γῆς</strong></span> <span class='ocrx_word' id='word_1_7' title='bbox 416 503 453 546; x_wconf 84' lang='grc' dir='ltr'><strong><em>τε</em></strong></span> <span class='ocrx_word' id='word_1_8' title='bbox 474 475 533 543; x_wconf 82' lang='grc' dir='ltr'><strong><em>καὶ</em></strong></span> <span class='ocrx_word' id='word_1_9' title='bbox 553 473 704 565; x_wconf 77' lang='grc' dir='ltr'><strong><em>ἁλμυρᾶς</em></strong></span> <span class='ocrx_word' id='word_1_10' title='bbox 724 469 848 544; x_wconf 84' lang='grc' dir='ltr'><strong><em>θαλοίσ·</em></strong></span> 
     </span>
     <span class='ocr_line' id='line_1_3' title="bbox 381 574 788 670; baseline -0.01 -21"><span class='ocrx_word' id='word_1_11' title='bbox 381 603 440 670; x_wconf 83' lang='grc' dir='ltr'><strong>σης</strong></span> <span class='ocrx_word' id='word_1_12' title='bbox 461 574 576 669; x_wconf 72' lang='grc' dir='ltr'><strong><em>όγριον</em></strong></span> <span class='ocrx_word' id='word_1_13' title='bbox 595 577 788 670; x_wconf 70' lang='grc' dir='ltr'><strong><em>μοχλευτήν.</em></strong></span> 
     </span>
     <span class='ocr_line' id='line_1_4' title="bbox 253 684 1336 768; baseline -0.002 -18"><span class='ocrx_word' id='word_1_14' title='bbox 253 689 362 751; x_wconf 83' lang='lat' dir='ltr'><strong>Rarius</strong></span> <span class='ocrx_word' id='word_1_15' title='bbox 385 689 442 750; x_wconf 91' lang='lat' dir='ltr'><strong>hoc</strong></span> <span class='ocrx_word' id='word_1_16' title='bbox 468 707 566 768; x_wconf 78' lang='lat' dir='ltr'><strong>genus</strong></span> <span class='ocrx_word' id='word_1_17' title='bbox 589 688 674 768; x_wconf 89' lang='lat' dir='ltr'><strong>apud</strong></span> <span class='ocrx_word' id='word_1_18' title='bbox 695 690 824 768; x_wconf 77' lang='lat' dir='ltr'><strong>tragicos</strong></span> <span class='ocrx_word' id='word_1_19' title='bbox 844 697 901 750; x_wconf 87' lang='lat' dir='ltr'><strong>est.</strong></span> <span class='ocrx_word' id='word_1_20' title='bbox 939 685 974 750; x_wconf 83' lang='lat' dir='ltr'><strong>V.</strong></span> <span class='ocrx_word' id='word_1_21' title='bbox 994 684 1105 748; x_wconf 81' lang='lat' dir='ltr'><strong>Aesch.</strong></span> <span class='ocrx_word' id='word_1_22' title='bbox 1130 686 1240 766; x_wconf 87' lang='lat' dir='ltr'><strong>suppl.</strong></span> <span class='ocrx_word' id='word_1_23' title='bbox 1262 688 1336 748; x_wconf 80' lang='lat' dir='ltr'><strong>too.</strong></span> 
     </span>
     <span class='ocr_line' id='line_1_5' title="bbox 251 790 1339 872; baseline -0.006 -17"><span class='ocrx_word' id='word_1_24' title='bbox 251 793 364 855; x_wconf 79' lang='lat' dir='ltr'><strong>Comici</strong></span> <span class='ocrx_word' id='word_1_25' title='bbox 379 812 471 872; x_wconf 83' lang='lat' dir='ltr'><strong>saepe</strong></span> <span class='ocrx_word' id='word_1_26' title='bbox 487 811 504 853; x_wconf 92' lang='lat' dir='ltr'><strong>a</strong></span> <span class='ocrx_word' id='word_1_27' title='bbox 519 791 655 853; x_wconf 91' lang='lat' dir='ltr'><strong>diiambo</strong></span> <span class='ocrx_word' id='word_1_28' title='bbox 670 793 792 853; x_wconf 89' lang='lat' dir='ltr'><strong>initium</strong></span> <span class='ocrx_word' id='word_1_29' title='bbox 808 792 942 870; x_wconf 82' lang='lat' dir='ltr'><strong>iaciunt,</strong></span> <span class='ocrx_word' id='word_1_30' title='bbox 964 791 1056 854; x_wconf 86' lang='lat' dir='ltr'><strong>etiam</strong></span> <span class='ocrx_word' id='word_1_31' title='bbox 1072 791 1135 870; x_wconf 85' lang='lat' dir='ltr'><strong>sic,</strong></span> <span class='ocrx_word' id='word_1_32' title='bbox 1154 791 1236 854; x_wconf 89' lang='lat' dir='ltr'><strong>utin</strong></span> <span class='ocrx_word' id='word_1_33' title='bbox 1251 790 1339 851; x_wconf 85' lang='lat' dir='ltr'><strong>anti-</strong></span> 
     </span>
     <span class='ocr_line' id='line_1_6' title="bbox 251 893 1299 978; baseline -0.002 -22"><span class='ocrx_word' id='word_1_34' title='bbox 251 897 374 978; x_wconf 81' lang='lat' dir='ltr'><strong>stropha</strong></span> <span class='ocrx_word' id='word_1_35' title='bbox 391 895 547 958; x_wconf 85' lang='lat' dir='ltr'><strong>diiambus</strong></span> <span class='ocrx_word' id='word_1_36' title='bbox 563 896 740 958; x_wconf 79' lang='lat' dir='ltr'><strong>choriambo</strong></span> <span class='ocrx_word' id='word_1_37' title='bbox 756 895 949 975; x_wconf 86' lang='lat' dir='ltr'><strong>respondeat.</strong></span> <span class='ocrx_word' id='word_1_38' title='bbox 985 896 1037 960; x_wconf 87' lang='lat' dir='ltr'><strong>Sic</strong></span> <span class='ocrx_word' id='word_1_39' title='bbox 1051 895 1083 958; x_wconf 89' lang='lat' dir='ltr'><strong>in</strong></span> <span class='ocrx_word' id='word_1_40' title='bbox 1098 894 1208 976; x_wconf 88' lang='lat' dir='ltr'><strong>Vespis</strong></span> <span class='ocrx_word' id='word_1_41' title='bbox 1225 893 1299 956; x_wconf 74' lang='lat'><strong>526.</strong></span> 
     </span>
     <span class='ocr_line' id='line_1_7' title="bbox 336 989 795 1084; baseline -0.002 -23"><span class='ocrx_word' id='word_1_42' title='bbox 336 1002 392 1061; x_wconf 89' lang='grc' dir='ltr'><strong>νῦν</strong></span> <span class='ocrx_word' id='word_1_43' title='bbox 409 992 447 1061; x_wconf 80' lang='grc' dir='ltr'><strong>δὲ</strong></span> <span class='ocrx_word' id='word_1_44' title='bbox 468 993 526 1061; x_wconf 85' lang='grc' dir='ltr'><strong>τόν</strong></span> <span class='ocrx_word' id='word_1_45' title='bbox 550 991 585 1060; x_wconf 77' lang='grc' dir='ltr'><strong>ἐκ</strong></span> <span class='ocrx_word' id='word_1_46' title='bbox 606 989 795 1084; x_wconf 81' lang='grc' dir='ltr'><strong><em>θήμετέρου</em></strong></span> 
     </span>
     <span class='ocr_line' id='line_1_8' title="bbox 335 1094 780 1186; baseline -0.004 -22"><span class='ocrx_word' id='word_1_47' title='bbox 335 1094 516 1186; x_wconf 77' lang='grc' dir='ltr'><strong><em>γυμνασίου</em></strong></span> <span class='ocrx_word' id='word_1_48' title='bbox 540 1096 648 1186; x_wconf 77' lang='grc' dir='ltr'><strong><em>λέγειν</em></strong></span> <span class='ocrx_word' id='word_1_49' title='bbox 670 1122 703 1163; x_wconf 92' lang='grc' dir='ltr'><strong>τι</strong></span> <span class='ocrx_word' id='word_1_50' title='bbox 726 1098 780 1164; x_wconf 83' lang='grc' dir='ltr'><strong><em>δεῖ</em></strong></span> 
     </span>
     <span class='ocr_line' id='line_1_9' title="bbox 378 1197 798 1290; baseline 0 -23"><span class='ocrx_word' id='word_1_51' title='bbox 378 1199 504 1284; x_wconf 89' lang='grc' dir='ltr'><strong><em>καινόν,</em></strong></span> <span class='ocrx_word' id='word_1_52' title='bbox 527 1199 622 1278; x_wconf 80' lang='grc' dir='ltr'><strong><em>ὅπως</em></strong></span> <span class='ocrx_word' id='word_1_53' title='bbox 643 1197 798 1290; x_wconf 84' lang='grc' dir='ltr'><strong><em>φανήσει,</em></strong></span> 
     </span>
     <span class='ocr_line' id='line_1_10' title="bbox 249 1309 709 1390; baseline -0.009 -18"><span class='ocrx_word' id='word_1_54' title='bbox 249 1311 366 1390; x_wconf 89' lang='lat' dir='ltr'><strong>quibus</strong></span> <span class='ocrx_word' id='word_1_55' title='bbox 381 1309 571 1388; x_wconf 84' lang='lat' dir='ltr'><strong>respondent</strong></span> <span class='ocrx_word' id='word_1_56' title='bbox 585 1330 615 1370; x_wconf 92' lang='lat' dir='ltr'><strong>v.</strong></span> <span class='ocrx_word' id='word_1_57' title='bbox 637 1310 709 1370; x_wconf 81' lang='grc'><strong>634.</strong></span> 
     </span>
     <span class='ocr_line' id='line_1_11' title="bbox 336 1403 813 1494; baseline -0.004 -20"><span class='ocrx_word' id='word_1_58' title='bbox 336 1403 519 1475; x_wconf 55' lang='grc' dir='ltr'><strong><em>σῦπῶποθ)</em></strong></span> <span class='ocrx_word' id='word_1_59' title='bbox 543 1405 813 1494; x_wconf 62' lang='lat' dir='ltr'><strong>circumiectis</strong></span> 
     </span>
     <span class='ocr_line' id='line_1_12' title="bbox 335 1505 766 1601; baseline -0.007 -24"><span class='ocrx_word' id='word_1_60' title='bbox 335 1508 470 1590; x_wconf 80' lang='grc' dir='ltr'><strong><em>οὐδενός</em></strong></span> <span class='ocrx_word' id='word_1_61' title='bbox 490 1507 687 1601; x_wconf 76' lang='grc' dir='ltr'><strong><em>ἠκούσαμεν,</em></strong></span> <span class='ocrx_word' id='word_1_62' title='bbox 709 1505 766 1574; x_wconf 69' lang='grc' dir='ltr'><strong>οῦ</strong></span> 
     </span>
     <span class='ocr_line' id='line_1_13' title="bbox 378 1611 760 1703; baseline -0.013 -21"><span class='ocrx_word' id='word_1_63' title='bbox 378 1613 416 1682; x_wconf 73' lang='grc' dir='ltr'><strong>δὲ</strong></span> <span class='ocrx_word' id='word_1_64' title='bbox 438 1615 577 1696; x_wconf 78' lang='grc' dir='ltr'><strong><em>ξυνετῶς</em></strong></span> <span class='ocrx_word' id='word_1_65' title='bbox 599 1611 760 1703; x_wconf 79' lang='grc' dir='ltr'><strong><em>λέγοντος.</em></strong></span> 
     </span>
     <span class='ocr_line' id='line_1_14' title="bbox 247 1718 1244 1804; baseline 0.002 -20"><span class='ocrx_word' id='word_1_66' title='bbox 247 1723 342 1786; x_wconf 88' lang='lat' dir='ltr'><strong>Iidem</strong></span> <span class='ocrx_word' id='word_1_67' title='bbox 358 1721 484 1786; x_wconf 88' lang='lat' dir='ltr'><strong>solvunt</strong></span> <span class='ocrx_word' id='word_1_68' title='bbox 498 1723 589 1784; x_wconf 88' lang='lat' dir='ltr'><strong>etiam</strong></span> <span class='ocrx_word' id='word_1_69' title='bbox 604 1723 736 1804; x_wconf 87' lang='lat' dir='ltr'><strong>primam</strong></span> <span class='ocrx_word' id='word_1_70' title='bbox 751 1722 835 1782; x_wconf 89' lang='lat' dir='ltr'><strong>arsin</strong></span> <span class='ocrx_word' id='word_1_71' title='bbox 850 1718 986 1783; x_wconf 88' lang='lat' dir='ltr'><strong>diiambi.</strong></span> <span class='ocrx_word' id='word_1_72' title='bbox 1022 1723 1147 1802; x_wconf 81' lang='lat' dir='ltr'><strong>Lysistr.</strong></span> <span class='ocrx_word' id='word_1_73' title='bbox 1168 1723 1244 1786; x_wconf 76' lang='grc'><strong>334.</strong></span> 
     </span>
     <span class='ocr_line' id='line_1_15' title="bbox 333 1814 783 1909; baseline -0.004 -23"><span class='ocrx_word' id='word_1_74' title='bbox 333 1818 402 1890; x_wconf 82' lang='grc' dir='ltr'><strong>όπό</strong></span> <span class='ocrx_word' id='word_1_75' title='bbox 424 1847 461 1889; x_wconf 90' lang='grc' dir='ltr'><strong><em>τε</em></strong></span> <span class='ocrx_word' id='word_1_76' title='bbox 483 1818 592 1905; x_wconf 91' lang='grc' dir='ltr'><strong><em>νόμων</em></strong></span> <span class='ocrx_word' id='word_1_77' title='bbox 613 1814 783 1909; x_wconf 75' lang='grc' dir='ltr'><strong>ἀργαλέων</strong></span> 
     </span>
     <span class='ocr_line' id='line_1_16' title="bbox 332 1917 826 2013; baseline -0.006 -22"><span class='ocrx_word' id='word_1_78' title='bbox 332 1922 401 1991; x_wconf 85' lang='grc' dir='ltr'><strong>όπό</strong></span> <span class='ocrx_word' id='word_1_79' title='bbox 424 1951 460 1994; x_wconf 90' lang='grc' dir='ltr'><strong><em>τε</em></strong></span> <span class='ocrx_word' id='word_1_80' title='bbox 482 1925 640 2013; x_wconf 73' lang='grc' dir='ltr'><strong>γερόντων</strong></span> <span class='ocrx_word' id='word_1_81' title='bbox 663 1917 826 2012; x_wconf 76' lang='grc' dir='ltr'><strong><em>ὀλέθρων.</em></strong></span> 
     </span>
     <span class='ocr_line' id='line_1_17' title="bbox 247 2033 707 2114; baseline -0.009 -18"><span class='ocrx_word' id='word_1_82' title='bbox 247 2043 279 2096; x_wconf 87' lang='lat' dir='ltr'><strong>et</strong></span> <span class='ocrx_word' id='word_1_83' title='bbox 293 2036 436 2096; x_wconf 90' lang='lat' dir='ltr'><strong>anacrusi</strong></span> <span class='ocrx_word' id='word_1_84' title='bbox 455 2035 563 2114; x_wconf 82' lang='lat' dir='ltr'><strong>longa:</strong></span> <span class='ocrx_word' id='word_1_85' title='bbox 581 2053 613 2094; x_wconf 90' lang='lat' dir='ltr'><strong>v.</strong></span> <span class='ocrx_word' id='word_1_86' title='bbox 635 2033 707 2094; x_wconf 86' lang='grc'><strong>339.</strong></span> 
     </span>
     <span class='ocr_line' id='line_1_18' title="bbox 185 2125 864 2222; baseline -0.009 -21"><span class='ocrx_word' id='word_1_87' title='bbox 185 2215 188 2222; x_wconf 87' lang='lat'><em>.</em></span> <span class='ocrx_word' id='word_1_88' title='bbox 334 2126 495 2200; x_wconf 77' lang='grc' dir='ltr'><strong><em>δεινότατ’</em></strong></span> <span class='ocrx_word' id='word_1_89' title='bbox 518 2125 743 2209; x_wconf 77' lang='grc' dir='ltr'><strong><em>ἀπειλοῦντας</em></strong></span> <span class='ocrx_word' id='word_1_90' title='bbox 765 2127 864 2216; x_wconf 77' lang='grc' dir='ltr'><strong><em>ἐπῶν.</em></strong></span> 
     </span>
     <span class='ocr_line' id='line_1_19' title="bbox 248 2235 1344 2324; baseline -0.001 -20"><span class='ocrx_word' id='word_1_91' title='bbox 248 2242 329 2315; x_wconf 87' lang='lat' dir='ltr'><strong>Quin</strong></span> <span class='ocrx_word' id='word_1_92' title='bbox 353 2243 445 2303; x_wconf 89' lang='lat' dir='ltr'><strong>ctiam</strong></span> <span class='ocrx_word' id='word_1_93' title='bbox 460 2249 532 2302; x_wconf 90' lang='lat' dir='ltr'><strong>ante</strong></span> <span class='ocrx_word' id='word_1_94' title='bbox 547 2240 697 2300; x_wconf 82' lang='lat' dir='ltr'><strong>catalexin</strong></span> <span class='ocrx_word' id='word_1_95' title='bbox 713 2236 870 2320; x_wconf 90' lang='lat' dir='ltr'><strong>dipodiam</strong></span> <span class='ocrx_word' id='word_1_96' title='bbox 885 2235 1050 2299; x_wconf 84' lang='lat' dir='ltr'><strong>iambicam</strong></span> <span class='ocrx_word' id='word_1_97' title='bbox 1066 2237 1254 2320; x_wconf 88' lang='lat' dir='ltr'><strong>admittunt,</strong></span> <span class='ocrx_word' id='word_1_98' title='bbox 1278 2262 1344 2324; x_wconf 87' lang='lat' dir='ltr'><strong>op-</strong></span> 
     </span>
     <span class='ocr_line' id='line_1_20' title="bbox 246 2341 882 2426; baseline -0.009 -20"><span class='ocrx_word' id='word_1_99' title='bbox 246 2346 378 2426; x_wconf 88' lang='lat' dir='ltr'><strong>positam</strong></span> <span class='ocrx_word' id='word_1_100' title='bbox 395 2346 487 2406; x_wconf 89' lang='lat' dir='ltr'><strong>etiam</strong></span> <span class='ocrx_word' id='word_1_101' title='bbox 503 2343 696 2420; x_wconf 84' lang='lat' dir='ltr'><strong>choriamb03</strong></span> <span class='ocrx_word' id='word_1_102' title='bbox 717 2345 790 2402; x_wconf 82' lang='lat'><strong>336.</strong></span> <span class='ocrx_word' id='word_1_103' title='bbox 812 2341 882 2401; x_wconf 80' lang='lat' dir='ltr'><strong>tto.</strong></span> 
     </span>
    </p>
   </div>
   <div class='ocr_carea' id='block_1_3' title="bbox 333 2437 821 2841">
    <p class='ocr_par' dir='ltr' id='par_1_3' title="bbox 333 2437 820 2635">
     <span class='ocr_line' id='line_1_21' title="bbox 333 2437 820 2536; baseline -0.014 -26"><span class='ocrx_word' id='word_1_104' title='bbox 333 2438 419 2512; x_wconf 74' lang='grc' dir='ltr'><strong><em>ἀλλὰ</em></strong></span> <span class='ocrx_word' id='word_1_105' title='bbox 443 2445 616 2536; x_wconf 76' lang='grc' dir='ltr'><strong><em>φοβοῦμαι</em></strong></span> <span class='ocrx_word' id='word_1_106' title='bbox 637 2437 724 2508; x_wconf 89' lang='grc' dir='ltr'><strong><em>τόόε.</em></strong></span> <span class='ocrx_word' id='word_1_107' title='bbox 746 2442 820 2523; x_wconf 90' lang='grc' dir='ltr'><strong>μῶν</strong></span> 
     </span>
     <span class='ocr_line' id='line_1_22' title="bbox 374 2541 733 2635; baseline -0.011 -24"><span class='ocrx_word' id='word_1_108' title='bbox 374 2541 581 2635; x_wconf 74' lang='grc' dir='ltr'><strong><em>ὑστερόπους</em></strong></span> <span class='ocrx_word' id='word_1_109' title='bbox 601 2547 733 2632; x_wconf 79' lang='grc' dir='ltr'><strong><em>βοηθῶ.</em></strong></span> 
     </span>
    </p>

    <p class='ocr_par' dir='ltr' id='par_1_4' title="bbox 333 2642 821 2841">
     <span class='ocr_line' id='line_1_23' title="bbox 333 2642 821 2739; baseline -0.01 -23"><span class='ocrx_word' id='word_1_110' title='bbox 333 2646 380 2728; x_wconf 85' lang='grc' dir='ltr'><strong>ῶς</strong></span> <span class='ocrx_word' id='word_1_111' title='bbox 402 2648 484 2738; x_wconf 84' lang='grc' dir='ltr'><strong><em>πυρί</em></strong></span> <span class='ocrx_word' id='word_1_112' title='bbox 504 2644 564 2739; x_wconf 84' lang='grc' dir='ltr'><strong>χρὴ</strong></span> <span class='ocrx_word' id='word_1_113' title='bbox 586 2645 647 2726; x_wconf 85' lang='grc' dir='ltr'><strong>τός</strong></span> <span class='ocrx_word' id='word_1_114' title='bbox 667 2642 821 2733; x_wconf 82' lang='grc' dir='ltr'><strong><em>μυσαρὰς</em></strong></span> 
     </span>
     <span class='ocr_line' id='line_1_24' title="bbox 376 2745 784 2841; baseline -0.005 -22"><span class='ocrx_word' id='word_1_115' title='bbox 376 2756 534 2841; x_wconf 72' lang='grc' dir='ltr'><strong><em>γυναῖκας</em></strong></span> <span class='ocrx_word' id='word_1_116' title='bbox 555 2745 784 2839; x_wconf 75' lang='grc' dir='ltr'><strong><em>ἀνθρακεύειν.</em></strong></span> 
     </span>
    </p>
   </div>
   <div class='ocr_carea' id='block_1_4' title="bbox 245 2959 1438 4290">
    <p class='ocr_par' dir='ltr' id='par_1_5' title="bbox 247 2959 1438 3236">
     <span class='ocr_line' id='line_1_25' title="bbox 332 2959 1342 3044; baseline 0.003 -16"><span class='ocrx_word' id='word_1_117' title='bbox 332 2959 450 3044; x_wconf 62' lang='grc'><strong>5410.</strong></span> <span class='ocrx_word' id='word_1_118' title='bbox 483 2962 667 3043; x_wconf 84' lang='lat' dir='ltr'><strong>Tragoediae</strong></span> <span class='ocrx_word' id='word_1_119' title='bbox 697 2962 848 3024; x_wconf 77' lang='lat' dir='ltr'><strong>recentior</strong></span> <span class='ocrx_word' id='word_1_120' title='bbox 868 2967 988 3024; x_wconf 86' lang='lat' dir='ltr'><strong>tantum</strong></span> <span class='ocrx_word' id='word_1_121' title='bbox 1012 2963 1110 3025; x_wconf 82' lang='lat' dir='ltr'><strong>forma</strong></span> <span class='ocrx_word' id='word_1_122' title='bbox 1132 2963 1342 3030; x_wconf 77' lang='lat' dir='ltr'><strong>solutionibus</strong></span> 
     </span>
     <span class='ocr_line' id='line_1_26' title="bbox 247 3049 1438 3149; baseline 0.002 -17"><span class='ocrx_word' id='word_1_123' title='bbox 247 3089 304 3132; x_wconf 92' lang='lat' dir='ltr'><strong>usa</strong></span> <span class='ocrx_word' id='word_1_124' title='bbox 320 3067 453 3130; x_wconf 90' lang='lat' dir='ltr'><strong>videtur.</strong></span> <span class='ocrx_word' id='word_1_125' title='bbox 480 3067 565 3130; x_wconf 91' lang='lat' dir='ltr'><strong>Vtin</strong></span> <span class='ocrx_word' id='word_1_126' title='bbox 581 3063 722 3128; x_wconf 87' lang='lat' dir='ltr'><strong>Bacchis:</strong></span> <span class='ocrx_word' id='word_1_127' title='bbox 742 3085 773 3127; x_wconf 92' lang='lat' dir='ltr'><strong>v.</strong></span> <span class='ocrx_word' id='word_1_128' title='bbox 793 3083 887 3147; x_wconf 91' lang='lat' dir='ltr'><strong>supra</strong></span> <span class='ocrx_word' id='word_1_129' title='bbox 902 3063 920 3148; x_wconf 66' lang='grc' dir='ltr'><strong>ξ</strong></span> <span class='ocrx_word' id='word_1_130' title='bbox 938 3068 1010 3128; x_wconf 90' lang='grc'><strong>406.</strong></span> <span class='ocrx_word' id='word_1_131' title='bbox 1044 3068 1084 3129; x_wconf 89' lang='lat' dir='ltr'><strong>Et</strong></span> <span class='ocrx_word' id='word_1_132' title='bbox 1098 3068 1130 3128; x_wconf 88' lang='lat' dir='ltr'><strong>in</strong></span> <span class='ocrx_word' id='word_1_133' title='bbox 1146 3068 1242 3149; x_wconf 81' lang='lat' dir='ltr'><strong>lphig.</strong></span> <span class='ocrx_word' id='word_1_134' title='bbox 1263 3067 1338 3134; x_wconf 80' lang='lat' dir='ltr'><strong>Aul.</strong></span> <span class='ocrx_word' id='word_1_135' title='bbox 1437 3049 1438 3073; x_wconf 53' lang='lat'><em>³</em></span> 
     </span>
     <span class='ocr_line' id='line_1_27' title="bbox 249 3176 343 3236; baseline 0 -1"><span class='ocrx_word' id='word_1_136' title='bbox 249 3176 343 3236; x_wconf 89' lang='grc'><strong>4036.</strong></span> 
     </span>
    </p>

    <p class='ocr_par' dir='ltr' id='par_1_6' title="bbox 332 3263 1011 3359">
     <span class='ocr_line' id='line_1_28' title="bbox 332 3263 1011 3359; baseline -0.003 -21"><span class='ocrx_word' id='word_1_137' title='bbox 332 3267 385 3350; x_wconf 87' lang='grc' dir='ltr'><strong>τίς</strong></span> <span class='ocrx_word' id='word_1_138' title='bbox 406 3263 459 3359; x_wconf 65' lang='grc' dir='ltr'><strong>ἄρ’</strong></span> <span class='ocrx_word' id='word_1_139' title='bbox 481 3265 640 3354; x_wconf 71' lang='grc' dir='ltr'><strong><em>ὑμέναιος</em></strong></span> <span class='ocrx_word' id='word_1_140' title='bbox 661 3264 719 3334; x_wconf 83' lang='grc' dir='ltr'><strong>διὰ</strong></span> <span class='ocrx_word' id='word_1_141' title='bbox 742 3267 854 3334; x_wconf 91' lang='grc' dir='ltr'><strong><em>λωτοῦ</em></strong></span> <span class='ocrx_word' id='word_1_142' title='bbox 874 3263 1011 3354; x_wconf 83' lang='grc' dir='ltr'><strong><em>Λίβυος</em></strong></span> 
     </span>
    </p>

    <p class='ocr_par' dir='ltr' id='par_1_7' title="bbox 331 3368 861 3464">
     <span class='ocr_line' id='line_1_29' title="bbox 331 3368 861 3464; baseline -0.009 -23"><span class='ocrx_word' id='word_1_143' title='bbox 331 3371 416 3459; x_wconf 87' lang='grc' dir='ltr'><strong><em>μετό</em></strong></span> <span class='ocrx_word' id='word_1_144' title='bbox 437 3398 474 3442; x_wconf 91' lang='grc' dir='ltr'><strong><em>τε</em></strong></span> <span class='ocrx_word' id='word_1_145' title='bbox 496 3369 678 3464; x_wconf 85' lang='grc' dir='ltr'><strong><em>φιλοχόρου</em></strong></span> <span class='ocrx_word' id='word_1_146' title='bbox 701 3368 861 3461; x_wconf 73' lang='grc' dir='ltr'><strong><em>κιθάρας.</em></strong></span> 
     </span>
    </p>

    <p class='ocr_par' dir='ltr' id='par_1_8' title="bbox 245 3469 1339 3667">
     <span class='ocr_line' id='line_1_30' title="bbox 245 3469 1339 3566; baseline 0.003 -21"><span class='ocrx_word' id='word_1_147' title='bbox 245 3483 364 3545; x_wconf 89' lang='lat' dir='ltr'><strong>Eadem</strong></span> <span class='ocrx_word' id='word_1_148' title='bbox 386 3491 470 3545; x_wconf 91' lang='lat' dir='ltr'><strong>aetas</strong></span> <span class='ocrx_word' id='word_1_149' title='bbox 493 3479 665 3563; x_wconf 80' lang='lat' dir='ltr'><strong>tragoediae</strong></span> <span class='ocrx_word' id='word_1_150' title='bbox 692 3481 784 3544; x_wconf 90' lang='lat' dir='ltr'><strong>etiam</strong></span> <span class='ocrx_word' id='word_1_151' title='bbox 806 3469 977 3542; x_wconf 61' lang='lat' dir='ltr'><strong>diiambum</strong></span> <span class='ocrx_word' id='word_1_152' title='bbox 990 3482 1179 3544; x_wconf 59' lang='lat' dir='ltr'><strong>&#39;choriambo</strong></span> <span class='ocrx_word' id='word_1_153' title='bbox 1202 3503 1339 3566; x_wconf 89' lang='lat' dir='ltr'><strong>respou-</strong></span> 
     </span>
     <span class='ocr_line' id='line_1_31' title="bbox 246 3584 962 3667; baseline -0.006 -17"><span class='ocrx_word' id='word_1_154' title='bbox 246 3585 319 3650; x_wconf 87' lang='lat' dir='ltr'><strong>dere</strong></span> <span class='ocrx_word' id='word_1_155' title='bbox 334 3585 415 3647; x_wconf 84' lang='lat' dir='ltr'><strong>iecit.</strong></span> <span class='ocrx_word' id='word_1_156' title='bbox 449 3586 544 3667; x_wconf 89' lang='lat' dir='ltr'><strong>Soph.</strong></span> <span class='ocrx_word' id='word_1_157' title='bbox 563 3584 686 3647; x_wconf 87' lang='lat' dir='ltr'><strong>Philoct.</strong></span> <span class='ocrx_word' id='word_1_158' title='bbox 709 3586 801 3646; x_wconf 87' lang='grc'><strong>4438.</strong></span> <span class='ocrx_word' id='word_1_159' title='bbox 821 3592 853 3645; x_wconf 86' lang='lat' dir='ltr'><strong>et</strong></span> <span class='ocrx_word' id='word_1_160' title='bbox 869 3585 962 3646; x_wconf 82' lang='lat' dir='ltr'><strong>ttot.</strong></span> 
     </span>
    </p>

    <p class='ocr_par' dir='ltr' id='par_1_9' title="bbox 330 3678 841 3773">
     <span class='ocr_line' id='line_1_32' title="bbox 330 3678 841 3773; baseline -0.008 -22"><span class='ocrx_word' id='word_1_161' title='bbox 330 3678 426 3773; x_wconf 81' lang='grc' dir='ltr'><strong><em>μυρί’</em></strong></span> <span class='ocrx_word' id='word_1_162' title='bbox 450 3679 509 3751; x_wconf 80' lang='grc' dir='ltr'><strong>ἀπ’</strong></span> <span class='ocrx_word' id='word_1_163' title='bbox 533 3679 679 3768; x_wconf 79' lang='grc' dir='ltr'><strong><em>αἰσχρῶν</em></strong></span> <span class='ocrx_word' id='word_1_164' title='bbox 702 3678 841 3748; x_wconf 79' lang='grc' dir='ltr'><strong><em>ἀνατέλ-</em></strong></span> 
     </span>
    </p>

    <p class='ocr_par' dir='ltr' id='par_1_10' title="bbox 332 3781 642 3876">
     <span class='ocr_line' id='line_1_33' title="bbox 332 3781 642 3876; baseline -0.003 -22"><span class='ocrx_word' id='word_1_165' title='bbox 332 3782 428 3855; x_wconf 79' lang='grc' dir='ltr'><strong><em>λόνθ’</em></strong></span> <span class='ocrx_word' id='word_1_166' title='bbox 452 3781 503 3855; x_wconf 78' lang='grc' dir='ltr'><strong>δυ’</strong></span> <span class='ocrx_word' id='word_1_167' title='bbox 527 3781 580 3876; x_wconf 71' lang='grc' dir='ltr'><strong>ἐφ’</strong></span> <span class='ocrx_word' id='word_1_168' title='bbox 603 3781 642 3874; x_wconf 80' lang='grc' dir='ltr'><strong>ἡ·</strong></span> 
     </span>
    </p>

    <p class='ocr_par' dir='ltr' id='par_1_11' title="bbox 330 3883 815 4181">
     <span class='ocr_line' id='line_1_34' title="bbox 373 3883 815 3978; baseline -0.009 -22"><span class='ocrx_word' id='word_1_169' title='bbox 373 3895 432 3975; x_wconf 87' lang='grc' dir='ltr'><strong>μῖν</strong></span> <span class='ocrx_word' id='word_1_170' title='bbox 453 3883 526 3957; x_wconf 75' lang='grc' dir='ltr'><strong><em>κάκ’</em></strong></span> <span class='ocrx_word' id='word_1_171' title='bbox 550 3887 694 3978; x_wconf 74' lang='grc' dir='ltr'><strong><em>ἐμήσατο</em></strong></span> <span class='ocrx_word' id='word_1_172' title='bbox 717 3889 815 3968; x_wconf 86' lang='grc' dir='ltr'><strong><em>Ζεύς.</em></strong></span> 
     </span>
     <span class='ocr_line' id='line_1_35' title="bbox 330 3989 754 4085; baseline -0.009 -25"><span class='ocrx_word' id='word_1_173' title='bbox 330 3991 448 4085; x_wconf 74' lang='grc' dir='ltr'><strong><em>μηκέτι</em></strong></span> <span class='ocrx_word' id='word_1_174' title='bbox 468 3989 609 4083; x_wconf 80' lang='grc' dir='ltr'><strong><em>μηδενός</em></strong></span> <span class='ocrx_word' id='word_1_175' title='bbox 630 3995 754 4079; x_wconf 78' lang='grc' dir='ltr'><strong><em>κρατό-</em></strong></span> 
     </span>
     <span class='ocr_line' id='line_1_36' title="bbox 332 4093 605 4181; baseline -0.018 -15"><span class='ocrx_word' id='word_1_176' title='bbox 332 4124 406 4181; x_wconf 86' lang='grc' dir='ltr'><strong><em>νων,</em></strong></span> <span class='ocrx_word' id='word_1_177' title='bbox 430 4095 495 4166; x_wconf 78' lang='grc' dir='ltr'><strong><em>ὅσα</em></strong></span> <span class='ocrx_word' id='word_1_178' title='bbox 516 4093 605 4180; x_wconf 82' lang='grc' dir='ltr'><strong><em>πέμ·</em></strong></span> 
     </span>
    </p>

    <p class='ocr_par' dir='ltr' id='par_1_12' title="bbox 375 4190 716 4290">
     <span class='ocr_line' id='line_1_37' title="bbox 375 4190 716 4290; baseline -0.006 -22"><span class='ocrx_word' id='word_1_179' title='bbox 375 4225 435 4268; x_wconf 89' lang='grc' dir='ltr'><strong><em>πει</em></strong></span> <span class='ocrx_word' id='word_1_180' title='bbox 455 4197 624 4290; x_wconf 83' lang='grc' dir='ltr'><strong><em>βιόόωρος</em></strong></span> <span class='ocrx_word' id='word_1_181' title='bbox 645 4190 716 4266; x_wconf 81' lang='grc' dir='ltr'><strong><em>αἶα.</em></strong></span> 
     </span>
    </p>
   </div>
   <div class='ocr_carea' id='block_1_5' title="bbox 0 0 1452 4960">
    <p class='ocr_par' dir='ltr' id='par_1_13' title="bbox 0 0 1452 4960">
     <span class='ocr_line' id='line_1_38' title="bbox 0 0 1452 4960; baseline 0 5"><span class='ocrx_word' id='word_1_182' title='bbox 0 0 1452 4960; x_wconf 95' lang='lat' dir='ltr'><strong> </strong></span> 
     </span>
    </p>
   </div>
  </div>
 </body>
</html>
