2930 4962
558 369 594 411 nr
611 370 788 424 onnrruuvs.¹
906 371 911 376 ·
1195 351 1214 410 9

125 524 291 604 dupliciter
304 523 431 604 intelligi
446 541 547 604 posse.
578 519 654 584 Nam
670 530 725 585 aut
739 520 814 583 ordo
829 521 1003 601 periodicas
1018 533 1066 586 εει
1080 543 1119 584 ex
1134 541 1213 584 con-

125 629 218 689 cretis
235 628 383 705 numeris,

124 1041 158 1100 in
184 1057 247 1118 quo
269 1040 361 1117 primi
384 1038 446 1101 duo
472 1039 595 1100 ordines
617 1039 696 1101 ultra
723 1037 824 1099 thesin
846 1055 933 1099 suam
960 1037 1210 1117 progrediuntur,

122 1153 179 1208 aut
206 1143 393 1224 compositus
420 1151 469 1204 εει
494 1162 533 1203 ex
560 1141 720 1204 ordinibus
747 1139 958 1222 simplicibus,
990 1142 1044 1220 qui
1070 1161 1131 1202 non
1158 1160 1215 1202 oo-

122 1248 264 1324 haerent,

212 1347 271 1427 Lu,
297 1345 380 1425 ΔΛ),
406 1345 516 1408 ἑυνα,

211 1551 304 1636 β23.
340 1556 490 1634 Tempora
505 1554 667 1633 ordinum,
694 1573 775 1635 quae
791 1556 823 1615 in
838 1554 917 1616 thesi
933 1565 1015 1634 sunt,
1036 1555 1136 1615 omnia
1153 1573 1215 1616 ne-

127 1679 210 1722 cesse
231 1666 280 1720 εει
294 1658 434 1737 aequalia
453 1677 538 1736 esse,
565 1659 636 1739 quia
659 1660 770 1720 seriem
786 1667 1019 1740 repraesentent
1034 1677 1213 1721 caussarum

125 1774 219 1844 atque
235 1751 402 1826 effectuum
418 1761 503 1824 nulla
520 1763 618 1824 aliena
635 1763 809 1824 accessione
825 1763 1038 1840 interruptam.

214 1969 236 2050 5
251 1965 307 2034 24.
340 1968 457 2030 Eadem
473 1978 521 2031 est
535 1988 719 2032 anaoruseos
734 1979 907 2052 temporum
924 1970 1016 2048 ratio,
1040 1967 1125 2048 quod
1140 1969 1216 2030 haec

132 2073 207 2133 nihil
221 2091 236 2132 a
251 2073 330 2134 thesi
346 2064 457 2152 differt,
481 2073 540 2136 nisi
555 2072 638 2154 quod
653 2074 736 2135 arsin
751 2081 822 2134 ante
838 2092 871 2134 se
887 2073 1004 2134 nullam
1021 2071 1124 2134 habet.

212 2279 235 2360 ᾗ
251 2276 306 2344 25.
340 2279 431 2353 Quod
452 2281 485 2340 in
500 2282 561 2342 arsi
576 2290 624 2343 est
638 2289 778 2361 tempus,
806 2297 865 2340 non
888 2288 990 2360 potest
1003 2277 1130 2340 brevius
1146 2298 1215 2340 esse

125 2383 319 2464 temporibus
335 2401 536 2464 maurusam,
562 2385 635 2464 quia
658 2385 736 2448 arsis
751 2383 915 2446 anacrusin
930 2400 1065 2461 sequens
1080 2400 1152 2463 pars
1168 2369 1216 2444 εἐι
1257 2425 1258 2430 1

123 2489 214 2551 seriei
230 2489 308 2566 eius,
328 2489 418 2550 cuius
433 2489 524 2550 etiam
540 2491 699 2552 anaomsis
715 2505 787 2569 pars
802 2495 858 2548 est.
886 2487 991 2566 ltaque
1006 2505 1122 2568 pravus
1139 2485 1216 2547 toret

123 2593 173 2654 hic
188 2610 351 2672 numerus,
506 2615 519 2654 t

214 2697 263 2742 ,Φ

125 2801 198 2862 iusti
214 2807 319 2860 autem
335 2808 410 2860 sunt
424 2798 465 2876 hi,

163 2931 167 2938 ,
211 2904 275 2980 vc,
345 2899 398 2962 ..2

211 3108 236 3191 5
251 3105 306 3172 26.
338 3110 404 3170 Non
427 3109 523 3189 magis
545 3108 665 3170 theticis
687 3108 877 3188 temporibus
902 3106 1025 3168 brevior
1047 3127 1114 3170 esso
1137 3110 1214 3170 arsis

124 3223 236 3298 potest.
264 3213 415 3285 Quoniam
427 3213 509 3272 enim
522 3230 632 3274 caussa
647 3221 695 3274 est
709 3213 820 3274 horum
835 3219 1020 3290 temporum,
1037 3229 1098 3272 non
1113 3220 1216 3292 potest

125 3319 311 3380 minorasse
327 3316 453 3378 effectis.
479 3319 580 3391 Quare
596 3334 712 3396 pravus
728 3323 775 3377 εει
790 3316 839 3378 hic
853 3332 1013 3392 numerus,

213 3423 262 3466 ύ-

126 3534 208 3588 recto
225 3543 259 3586 se
276 3523 392 3586 babent
406 3523 448 3601 bi,

212 3631 275 3707 «Ν,
345 3624 399 3686 Δ...
485 3657 488 3665 ,

213 3829 307 3914 527.
345 3833 487 3894 Maiorem
511 3851 583 3894 vero
605 3833 687 3895 arsin
711 3832 854 3894 anaorusi
877 3849 1027 3894 essenon
1051 3842 1210 3912 repugnat.

128 3939 205 3998 Nam
220 3945 374 4018 quatenus
390 3937 467 3998 arsis
491 3935 532 3998 ab
547 3935 687 4012 absoluta
704 3953 813 3997 caussa
829 3936 983 4012 nascitur,
1010 3943 1151 4015 exempta
1168 3944 1216 3996 est

130 4041 195 4118 lege
211 4041 261 4101 illa
277 4041 486 4120 aequalitatis,
513 4038 589 4101 dum
606 4058 660 4118 ne,
687 4049 842 4121 quatenus
865 4039 1006 4100 effectum
1023 4047 1071 4100 est
1085 4057 1215 4118 praece-
1308 4035 1316 4048 '

132 4141 269 4205 dentium
285 4153 474 4224 temporum,
498 4143 546 4204 his
562 4144 662 4204 minor
677 4145 725 4206 sit.
759 4143 844 4204 Recti
858 4160 929 4222 ergo
945 4149 1019 4204 sunt
1033 4141 1064 4202 hi
1080 4144 1211 4221 numeri,

217 4245 264 4292 υ.’
342 4245 417 4293 wL

268 4293 275 4325 ,
421 4294 427 4307 .
