2930 4962
587 395 755 438 mfflb'lss·
1162 396 1215 440 xm

126 547 161 610 in
183 565 245 628 qno
263 552 371 612 muron
392 546 436 622 si,
460 547 624 630 ut§156.
650 546 736 625 dixi,
761 541 819 633 τὴν
841 538 1025 632 αὐλητρίδα
1047 547 1213 626 scribatur,

126 653 207 718 nihil
229 654 290 718 erit
311 653 395 737 quod
410 652 582 739 vituperari
605 654 715 736 possit.
748 653 872 720 Certius
895 659 943 718 est
963 653 1024 718 boo
1038 655 1216 740 exemplum

126 761 162 825 in
175 761 276 826 Banis
291 782 322 825 v.
344 765 438 825 12211.

215 917 257 978 Δ.
280 907 464 1002 Εὐριπίδη,
496 917 564 978 EY.
585 909 619 979 τί
642 909 750 995 ἔστης
776 914 818 979 Δ.
840 909 993 1004 ὑφέσθαι
1013 938 1072 999 μοι
1095 917 1216 994 δοκεῖς.

127 1086 272 1163 Quocum
294 1107 354 1169 ego
375 1085 501 1168 quidam
524 1109 586 1153 non
609 1107 804 1174 comparem,
828 1106 910 1170 quae
932 1087 1108 1171 Reisigius,
1133 1091 1218 1172 quod

129 1187 220 1256 ἐστὶν
241 1193 275 1257 in
290 1194 353 1259 fine
368 1194 560 1275 quaestionis
576 1215 700 1280 sempor
714 1196 843 1280 planum
858 1193 1052 1279 proferatur,
1077 1196 1218 1262 eiusdem

126 1300 254 1381 generis
277 1319 348 1366 esse
375 1303 524 1384 putabat,
552 1303 585 1368 in
608 1304 691 1369 Paos
716 1306 841 1369 v.187.
867 1302 901 1367 in
922 1301 1042 1368 Avibus
1068 1305 1160 1367 1495.
1185 1304 1218 1368 in
1287 1389 1290 1394 Ι

128 1406 276 1472 Nubibus
292 1411 366 1472 214.
380 1432 387 1472 :

214 1555 288 1624 ἙΡ.
312 1557 423 1650 πατὴρ
447 1559 484 1627 δέ
506 1585 560 1628 σοι
583 1559 635 1641 τίς
657 1561 764 1644 ἔστης
788 1567 827 1627 Τ.
854 1557 949 1646 ἐμαῖς
969 1557 1190 1650 μιαρώτατος.

219 1670 289 1732 ΠΡ.
312 1670 376 1732 ποῖ
397 1666 647 1756 Πεισθὲταιρός
669 1668 780 1750 torum·
805 1672 898 1733 ΠΕΙ.
921 1664 972 1748 ἔα,
994 1667 1087 1737 τουτὶ
1109 1667 1145 1735 τί
1165 1661 1220 1758 ἦνς

218 1777 314 1842 ΕΤΡ.
337 1769 409 1840 ἀλλ’
432 1771 452 1864 ἡ
471 1773 701 1860 Λακεδαίμων
722 1781 792 1842 ποῦ
811 1770 915 1855 ’στινς
935 1781 986 1842 M.
1010 1773 1097 1842 ὅπου
1119 1773 1221 1859 ’στίνς

693 1950 696 1955 ,
802 1878 909 1971 αὕτηΐ.

133 2055 235 2120 ummo
254 2055 340 2122 haur
362 2056 428 2124 scio
442 2078 485 2123 an
499 2057 549 2123 his
564 2057 597 2122 in
613 2057 691 2124 uus
706 2057 906 2124 scribendum
927 2058 968 2124 so
989 2052 1067 2124 sor.
1101 2059 1137 2125 In
1153 2082 1221 2126 om-
1293 2045 1296 2059 '

133 2162 226 2228 nibus
242 2164 327 2228 enim
342 2166 442 2230 omitti
457 2171 581 2249 poterat
596 2159 682 2246 ἐστί,
703 2165 778 2248 quia
797 2165 837 2231 de
852 2165 924 2230 aliis
939 2168 1032 2233 rebus
1048 2169 1219 2250 quaeritur,

133 2290 197 2334 non
212 2269 253 2336 da
268 2292 317 2350 oo,
339 2273 422 2354 quod
438 2273 500 2338 isto
515 2274 610 2339 verbo
625 2272 811 2340 continetur.
843 2273 945 2340 Abeo
960 2293 1075 2356 genere
1090 2277 1222 2341 multum
1318 2277 1320 2287 ’

133 2378 225 2443 abest
246 2373 281 2441 τί
301 2372 405 2457 ἔστιν,
430 2399 491 2463 quo
513 2399 609 2464 quum
631 2380 825 2463 significetur
846 2379 923 2464 quid
944 2381 1061 2446 fantum
1077 2382 1135 2460 sit,
1158 2404 1221 2449 non

134 2491 238 2568 potest
253 2485 353 2550 omitti
377 2481 463 2565 ἐστι’,
488 2488 545 2554 sed
566 2487 759 2554 offerendum
780 2494 829 2553 ost
849 2506 926 2552 vooe
939 2488 974 2551 in
989 2490 1222 2572 pronuntianda

134 2593 337 2674 quaestione,
376 2613 476 2676 eaque
505 2613 620 2660 caussa
652 2594 758 2678 aptius
787 2593 911 2660 videtur
942 2594 1097 2677 integrum
1127 2616 1222 2679 quam

134 2699 309 2784 intercepta
335 2701 438 2766 vocab
463 2700 605 2786 proferri.
641 2701 715 2767 Non
741 2701 843 2766 ausim
870 2720 907 2766 eo
933 2701 1026 2768 modo
1052 2703 1222 2772 defendero

135 2807 274 2874 Nubium
289 2829 321 2874 v.
342 2813 436 2873 1192.

221 2965 318 3026 ΣΤΡ.
340 2961 393 3028 ἵνα
417 2961 456 3052 δὴ
479 2957 514 3029 τί
534 2959 592 3052 τὴν
613 2958 684 3053 ἔνην
705 2962 930 3052 abactionem
954 2969 995 3031 Φ.
1013 2961 1064 3048 ἵν’,
1088 2955 1221 3050 ὦμέλε,
1350 2965 1353 2972 Α

137 3135 321 3220 praesertim
336 3156 431 3219 quum
446 3137 479 3203 in
496 3157 557 3202 uno
573 3137 681 3204 oodioe
696 3130 876 3226 προςέθηκ’
892 3138 1055 3206 inventum
1070 3140 1122 3206 sit.
1178 3209 1180 3214 ,
1285 3158 1288 3166 ’

224 3293 353 3358 Praeter
375 3291 458 3357 hano
479 3290 520 3358 de
544 3313 608 3376 qua
628 3291 747 3359 dictum
769 3300 816 3360 ost
838 3294 1003 3380 anapaesti
1024 3294 1057 3360 in
1083 3295 1223 3362 trimetro

139 3399 273 3465 iambico
300 3398 489 3465 divisionem
515 3399 580 3464 alia
606 3407 655 3465 est
676 3421 757 3483 quae
782 3400 975 3485 improbatur
1000 3402 1165 3468 verborum
1190 3402 1223 3469 in

139 3522 231 3572 uersu
260 3506 456 3586 terminatio,
489 3513 731 3572 commemorata
760 3508 777 3592 ξ
809 3511 878 3571 151.
910 3528 1006 3590 quum
1035 3515 1109 3575 ante
1138 3511 1225 3576 arsin

141 3613 285 3699 dactylus
299 3613 393 3680 finem
408 3615 552 3682 vocabuli
567 3613 677 3696 habet,
701 3621 736 3680 ut
755 3614 789 3678 in
804 3635 898 3681 versu
913 3615 1109 3701 Lysistratae
1131 3617 1177 3681 sio
1191 3616 1225 3682 in

142 3721 327 3804 quibusdam
342 3717 431 3788 libris
446 3721 581 3806 scripto:
705 3733 708 3741 '

227 3869 299 3940 ἀλλ’
323 3870 383 3942 οὔκ
406 3846 539 3942 ἐκτίνων
558 3864 597 3964 ἦν
618 3872 700 3942 τάδε
721 3872 991 3965 προυργιαίτερα.

145 4039 194 4104 vel
208 4039 241 4103 in
255 4039 347 4106 Pluto
361 4061 392 4106 v.
411 4044 485 4106 688.

229 4189 267 4258 τὸ
289 4187 426 4281 γρᾴδιον
448 4190 488 4271 δ’,
514 4191 562 4272 ὡς
579 4187 707 4285 ᾔσθετο
729 4193 769 4284 δή
791 4217 855 4280 μου
878 4193 936 4264 τὸν
957 4191 1084 4286 ψόφον.
