2922 4948
686 287 692 310 t

612 347 668 390 tur.
689 347 733 390 111.
767 345 830 387 GAP.
849 343 913 386 XXV.

432 495 505 589 ἠχεῖ
525 521 577 576 τις
599 490 660 562 σύκ
682 486 827 583 άσημσν,
851 485 938 558 ἄλλά
960 491 1098 577 δυςνυχῆ

431 597 576 668 κωκυτὸν
598 592 693 666 εἷ’σιυ·
715 590 776 664 κατ’
798 621 832 664 τι
853 589 994 680 καινίζει
1016 591 1122 682 στύγη.

308 702 361 772 Ἡ.
376 701 413 792 μ’.
429 700 522 786 ξύνες
543 700 582 769 δὲ
1226 689 1271 760 α’.

432 802 519 898 τήνδ’
544 801 589 885 ὡς
611 800 723 896 ἀήθης
744 801 799 871 καὶ
821 797 1085 894 συνωφρυαιμὲνη

431 912 533 996 χωρεῖ
555 905 639 997 πρὸς
660 902 748 996 ἡμᾶς
769 908 870 994 γραῖα
894 899 1087 993 σημανοῦσά
1108 927 1151 968 τι.

315 1019 379 1082 ΤΡ.
430 1006 456 1080 ὦ
479 1013 612 1093 παῖδες,
635 1006 682 1088 ὥς
703 1001 755 1097 ἂρ’
777 1003 854 1099 ἡμὶν
876 1003 916 1073 σύ
939 1009 1085 1091 σμικρῶν
1108 1011 1218 1072 κακῶν

431 1107 527 1206 ἦρξεν
548 1110 587 1181 κδ
609 1115 717 1202 διῦρσν
734 1107 896 1198 Ἡρακλεῖ
917 1109 954 1177 τὸ
978 1107 1162 1192 πόμπιμον.

308 1216 361 1286 Ἢ.
374 1215 413 1286 δ’.
429 1215 464 1286 τί
485 1213 527 1301 δ,
550 1207 578 1284 ὦ
600 1212 729 1306 γεραιά,
752 1211 997 1303 καινοποιηθὲν
1020 1213 1145 1300 λέγεις,

314 1326 376 1389 ΤΡ.
435 1319 552 1411 βέβηκε
573 1317 743 1410 Δῃάνειρα
766 1317 824 1408 τὴν
846 1312 1057 1404 πανυστάτην

432 1421 520 1491 ὁδῶν
542 1421 684 1490 ἁπασῶν
706 1420 743 1504 ἐξ
763 1417 918 1510 ἀκινήτου
941 1417 1059 1498 ποδός.

309 1525 362 1594 Ἡ.
379 1524 415 1595 ε’.
432 1524 472 1594 ου’
509 1525 553 1616 δή
589 1519 674 1594 καθ’
712 1520 757 1604 ὡς
792 1527 968 1606 θανούσας
1001 1527 1065 1590 ΤΡ.
1106 1515 1197 1588 κάπ’
1234 1515 1322 1610 ἀκή-

914 1649 1005 1704 κοας.
1228 1621 1275 1709 β’.

308 1732 362 1801 Ἡ.
375 1731 413 1817 ς’.
433 1734 592 1822 τέθνηκεν
606 1729 626 1822 ἡ
641 1730 803 1814 τάλαινα,
822 1735 886 1798 ΤΡ.
903 1725 1057 1818 δεύτερον
1072 1725 1190 1806 κλύεις.
1227 1721 1271 1813 ff.

309 1834 363 1904 Ἡ,
376 1835 412 1924 ζ.
431 1833 571 1920 τάλαιν’,
596 1831 757 1919 ὀλεθρίας
778 1832 845 1901 τίνι
866 1829 982 1922 τρόπῳ
1006 1835 1126 1898 θανεῖν
1148 1855 1214 1922 σφε
1230 1827 1300 1922 φῄς
1311 1859 1320 1910 ;

316 1946 380 2009 ΤΡ.
429 1933 639 2026 σχετλιώτατ’
679 1935 713 2017 ἔς
749 1963 785 2026 με
821 1937 944 2024 πρᾶξιν
976 1931 1030 2001 Ἡ.
1048 1941 1087 2024 η’.
1126 1931 1222 2016 εἰπέ,
1268 1939 1322 2022 τῷ

908 2035 1015 2126 μόθῳν
1227 2032 1270 2125 7,·

436 2144 542 2236 γύναι,
566 2140 748 2232 ξυντρύχεις

315 2257 377 2320 ΤΡ.
434 2247 535 2339 αὑτὴν
557 2244 745 2336 διηΐστιυσε.
769 2242 822 2314 Ἡ.
834 2241 882 2314 θ’.
908 2240 1028 2330 θυμός,
1052 2237 1072 2332 ἢ
1094 2239 1181 2320 τίνες
1232 2269 1271 2330 y.

432 2355 536 2436 νόσοι,
559 2347 650 2418 τάνδ
674 2347 779 2440 αἰχμᾷ

432 2455 549 2542 βέλεος
570 2459 675 2522 κακοῦ
690 2453 835 2535 ξυνεῖλες
852 2449 906 2520 Ἡ.
919 2457 952 2518 ι’.
972 2453 1047 2530 πῶς
1062 2447 1207 2540 ἐμήσατο
1232 2448 1270 2539 γ’.

431 2557 517 2647 πρὸς
539 2555 679 2646 θανάτῳ
702 2553 852 2624 θάνατον

431 2657 582 2730 ἀνύσασα
613 2653 719 2746 μόνα,
755 2663 821 2726 ΤΡ.
856 2655 1048 2736 στονόεντος
1078 2656 1111 2726 ἐν
1141 2663 1232 2746 κομᾷ
1262 2681 1318 2725 σι-

883 2759 997 2848 δάρσυ.

187 2939 194 2948 ,
307 2865 425 2937 Ἦ.ια’.
440 2867 583 2949 ἐσεῖδες,
607 2859 704 2950 εἶδες,
731 2855 912 2950 ὦμάταιε,
935 2859 1027 2930 τάνδ’
1050 2861 1162 2951 ύβρινς

315 2976 378 3037 ΤΡ.
438 2969 584 3052 ἐσεῖδον,
606 2966 653 3048 ὡς
674 2967 713 3058 δὴ
737 2966 864 3057 πλησία
886 2963 1105 3056 παραστάτις.

307 3069 422 3159 Ἡ.ιβ’.
438 3069 500 3152 τίς.
527 3063 582 3162 ἢν,
606 3079 699 3152 πῶς,·
718 3067 837 3158 Ἡ.ιγ’.
864 3065 937 3161 φέρ’
962 3067 1048 3138 εἰπέ.
1229 3068 1270 3136 δ’.

314 3181 378 3244 ΤΡ.
434 3170 516 3265 αύτὴ
540 3172 625 3263 πρὸς
647 3168 747 3264 αὐτῆς
767 3177 1014 3260 χειροτονεῖται
1036 3171 1127 3240 τάδε.

307 3276 469 3348 Ἡ.ιδ’.τι’
490 3281 630 3370 φωνεῖς,·
655 3282 719 3344 ΤΡ.
741 3281 883 3366 σαφηνῆ.
919 3263 921 3266 ¹
1233 3273 1273 3343 δ’.
1308 3294 1313 3304 ·

308 3381 412 3450 Ἡ.ιε’.
434 3380 554 3464 ἔτεκεν,
578 3377 668 3448 ἔτεκε
689 3375 835 3465 μεγάλαν

430 3482 452 3551 δι
476 3485 609 3568 νέορτος
630 3480 691 3550 δι’δε
714 3478 827 3572 νύμφα

431 3583 567 3672 δόμοισι
588 3580 691 3668 τοῖςδ
716 3583 832 3672 ἐρινύν.

224 3799 332 3858 Notavi
360 3797 508 3879 appositis
539 3799 571 3858 in
599 3797 736 3876 margine
766 3797 905 3860 numeris
928 3796 1089 3876 quaesibi
1115 3797 1314 3878 respondent,

225 3902 256 3960 in
287 3900 401 3978 quibus
429 3909 476 3961 ter
501 3901 639 3962 trimeter
666 3899 818 3986 iambicus
848 3909 999 3980 sequente
1027 3899 1169 3961 dochmio
1198 3902 1318 3982 positus
1438 3937 1439 3946 ν

224 4010 284 4080 est,
305 4002 359 4062 sed
375 4004 416 4064 ita
432 4005 591 4065 ethorum
612 4003 732 4082 primus
752 4012 784 4064 et
805 4004 918 4088 tertius
938 4003 1075 4066 trimeter
1096 4003 1137 4064 ab
1152 4013 1319 4086 anapaesto

224 4103 364 4184 incipiat,
398 4125 494 4186 eoque
520 4105 551 4164 hi
577 4104 637 4166 sibi
663 4105 887 4188 respondeant,
921 4115 952 4168 et
975 4108 1029 4188 qui
1057 4107 1139 4169 inter
1164 4127 1217 4169 eos
1247 4103 1319 4169 me'-

225 4206 296 4272 dius
325 4215 372 4272 est
400 4229 471 4277 eum
501 4228 558 4274 suo
588 4208 727 4273 dochmio
756 4212 895 4276 trimeter
919 4229 976 4296 pro
1005 4209 1132 4277 mesodo
1156 4213 1213 4294 sit,
1247 4219 1317 4278 ter-
