2896 4960
439 405 475 445 nn
491 403 623 446 masmvs
640 402 829 445 nocnmacrs.
1142 383 1177 444 81

174 553 292 636 §234
328 558 426 635 Saepe
444 575 514 618 vero
530 559 633 637 etiam,
661 557 715 618 ubi
732 575 846 637 anceps
867 557 899 615 in
916 555 987 633 liae,
1013 563 1067 617 aut
1081 555 1184 616 hiatus

87 660 265 738 invenitur,
293 659 469 722 cavendum
486 678 542 738 ne,
569 681 649 740 quae
673 661 762 742 plura
784 668 951 740 systemata
969 668 1059 738 sunt,
1084 678 1183 720 unum

85 781 154 822 esse
184 761 358 824 credamus.
393 765 544 837 Quoniam
569 766 650 824 euim
674 783 736 826 uon
759 762 858 825 solent
880 765 1031 824 catatexin
1055 761 1179 842 habere,

85 884 184 945 saepe
208 867 278 927 finis
301 868 477 946 systematis
500 887 538 928 ex
562 886 656 928 sensu
679 876 800 930 tantum
820 877 914 948 atque
937 867 1183 946 interpunctione

85 967 281 1048 colligendus
302 980 359 1031 est.
394 971 444 1032 Sic
463 973 495 1031 in
517 969 628 1032 Aesch,
648 970 784 1051 Choeph.
805 973 878 1032 935.
898 979 960 1032 tres
976 968 1108 1031 dochmii
1124 986 1183 1047 sy-

84 1081 186 1134 stema
212 1073 345 1134 laciunt:
377 1073 449 1137 iude
475 1072 559 1136 aliud
586 1076 692 1156 incipit
718 1085 854 1155 systema
881 1071 1104 1136 dochmiacum.
1145 1073 1178 1134 V.

85 1175 187 1246 Elem,
208 1175 240 1236 d.
261 1196 302 1238 m.
321 1197 353 1257 p.
373 1179 446 1238 258.
480 1203 484 1212 ·

174 1405 294 1492 5235.
329 1411 467 1491 iliatam,
495 1412 549 1491 qui
573 1413 605 1473 fit
629 1414 660 1472 in
682 1421 822 1495 correpta
844 1413 930 1494 longa
952 1411 1047 1472 vocali
1065 1410 1113 1472 vel
1129 1409 1182 1472 di-

91 1514 257 1594 phthongo,
275 1531 367 1593 saepe
383 1515 453 1576 licet
464 1514 634 1578 admissum
648 1515 753 1577 videre
768 1517 800 1577 in
813 1524 945 1595 utraque
960 1513 1048 1578 brevi
1064 1513 1182 1576 solutae

95 1618 207 1694 primae
224 1637 343 1680 arseos:
363 1619 457 1698 Soph.
476 1615 523 1682 at.
544 1621 617 1680 349.
644 1619 755 1681 Electr.
776 1620 848 1681 tlt.

174 1730 276 1818 μόνοι
300 1731 388 1819 ἒμῶν
411 1731 528 1825 φίλων.

175 1843 219 1924 γᾶ
240 1861 278 1903 τε
300 1835 359 1904 καὶ
381 1831 477 1906 οὐδὲν
499 1831 553 1905 ὤν.

97 1961 130 2020 V.
146 1961 238 2024 Seidl.
258 1981 290 2040 p.
312 1965 362 2022 95.
383 1980 470 2042 seqq.
508 1963 569 2024 Nec
592 1961 799 2025 dubitandum
824 1961 961 2042 videtur,
992 1963 1067 2040 quin
1089 1962 1182 2024 etiam

102 2063 319 2143 chimensis,
346 2075 381 2126 ut
407 2084 487 2145 quae
513 2068 630 2148 primae
656 2067 809 2128 simillima
837 2066 891 2144 sit,
922 2066 1000 2126 hane
1026 2065 1182 2125 licentiam

105 2165 188 2227 ierat:
206 2170 290 2230 velut
305 2170 331 2230 si
347 2171 418 2250 quis
434 2170 510 2232 tales
527 2189 636 2232 versus
651 2170 758 2232 iaciat:

174 2283 275 2370 μόνοι
299 2282 371 2373 γάρ,
393 2282 493 2370 μόνοι
516 2281 560 2354 ἔν’
585 2284 644 2370 ἐμὲ
666 2283 864 2376 φυλάσσετε,

173 2385 276 2474 μόνοι
300 2381 331 2454 δ’
354 2387 439 2472 ἐστέ,
454 2386 554 2474 μόνοι
576 2387 664 2474 ἐμῶν
685 2384 835 2480 ἠθάδων.

93 2513 153 2576 Sed
168 2513 309 2576 secunda
333 2516 411 2576 arsis
434 2513 641 2596 adspematur
663 2515 796 2593 hiatum,
826 2515 898 2594 quia
914 2512 1047 2574 solitaria
1063 2522 1123 2588 est,
1151 2522 1182 2574 et

92 2636 192 2698 neque
209 2637 280 2680 cum
297 2617 375 2679 thesi
392 2618 453 2681 ulla
469 2636 572 2698 neque
588 2636 658 2678 cum
675 2619 819 2680 anacrusi
842 2616 998 2694 cohaeret,
1025 2617 1181 2693 ictumque

93 2721 184 2783 habet
200 2721 365 2784 fortiorem.
392 2719 435 2784 Ac
452 2719 541 2782 valde
557 2721 741 2782 invenustus
757 2722 835 2782 foret
849 2719 918 2780 talis
934 2737 1061 2780 versus:

177 2836 288 2928 φίλων
307 2835 407 2922 μόνοι
431 2836 520 2922 ἐμῶν
539 2834 676 2923 βέβαιοι
700 2830 745 2903 ἔτ’
768 2832 854 2921 ἐμοί.

177 3082 299 3165 9236.
337 3083 453 3146 Eadem
476 3082 616 3145 hiatuum
643 3085 720 3145 ratio
742 3085 772 3144 in
796 3083 926 3144 iambico
949 3083 1183 3163 ischiorrhogico

93 3187 219 3251 obtinet.
258 3189 352 3270 Soph
373 3187 480 3248 Trach.
501 3189 574 3247 8t8.
594 3205 659 3266 seq.

178 3295 288 3396 ἦπου
312 3299 397 3370 ὀλοὰ
420 3301 537 3384 στένει,

179 3401 287 3498 ἦπου
310 3401 434 3474 ἅδινῶν
456 3403 594 3497 χλωράν.

178 3641 301 3726 5237.
346 3647 550 3707 inveniuntur
578 3640 746 3703 dochmiaci
776 3644 942 3703 anacrusiu
972 3641 1121 3705 habentes
1151 3645 1182 3704 in

96 3751 193 3828 primo
221 3749 303 3830 pede
328 3747 528 3829 disyllabam,
562 3747 615 3826 qui
642 3744 796 3826 peculiare
823 3765 921 3825 genus
950 3756 1034 3808 suut.
1074 3747 1182 3826 Neque

96 3855 194 3932 enim,
221 3855 308 3916 utin
331 3851 515 3912 comicorum
539 3850 665 3930 iambiS‚
692 3851 866 3930 promiscue
890 3852 1131 3932 monosyllabam
1155 3858 1186 3911 et

96 3955 278 4034 disyllabam
294 3957 367 4038 poni
383 3956 461 4016 lioet.
488 3953 595 4034 ltaque
610 3971 735 4033 semper
748 3955 840 4015 etiam
857 3955 1095 4036 antistrophious
1108 3972 1185 4014 ver-

97 4077 150 4120 sus
165 4060 255 4121 talem
271 4059 435 4122 anacrusin
452 4057 555 4119 habet.
582 4058 675 4138 Soph.
695 4057 771 4119 Oed.
792 4058 855 4120 Col.
879 4051 949 4118 tis.
973 4060 1042 4118 ⁴50.

179 4173 231 4256 τίς
252 4168 307 4262 ἄρ’
329 4165 389 4265 ἦν,·
410 4178 481 4240 ποῦ
500 4169 609 4253 vaiet,-

146 4269 150 4280 ’
181 4275 293 4346 ἅλαιῖν
316 4275 486 4364 ὀμμάτων.

149 4401 268 4444 Romani
278 4403 380 4452 Epitouo
389 4401 461 4443 doctr.
472 4399 581 4441 metricae.
693 4412 698 4421 ·
