2930 4962
601 371 769 412 amanio.
1024 375 1026 380 ’
1202 371 1232 410 ιιι
1308 352 1310 360 ’

141 519 320 602 Senianum
333 521 367 586 in
386 521 456 586 eod.
474 521 555 586 Rev.
572 512 644 605 τοίγ’
660 514 725 585 ἕατ’
741 521 905 588 inventum
920 521 972 598 sit,
990 539 1065 588 vera
1079 519 1234 604 seniptura
1330 571 1337 587 ι

142 627 223 692 haec
238 647 311 696 οεεε
325 628 464 694 videtur:

232 795 319 885 πρὸς
340 795 442 888 ἥνπερ
464 795 639 888 ἐπιτήδεια
661 795 742 865 ια’ὄε
763 791 791 885 γ’
815 789 908 887 ᾄδειν
928 797 1020 886 μέλη.

233 991 340 1058 Tertio
360 999 445 1060 recte
465 993 571 1059 finitur
591 995 719 1060 verbum
739 994 773 1058 in
793 992 895 1078 prima
914 993 1079 1076 anapaesti
1095 995 1230 1078 syllaba,

143 1101 173 1166 si
194 1101 228 1165 in
248 1107 362 1184 quarta
381 1102 446 1167 arsi
468 1121 599 1168 caesura
619 1109 685 1179 est,
708 1102 805 1166 verba
824 1108 946 1178 autem,
971 1099 1004 1166 in
1024 1100 1138 1183 quibus
1153 1121 1233 1166 ana-

143 1215 284 1294 paestus
297 1215 362 1286 est,
385 1229 480 1276 sensu
500 1212 679 1278 cohaerent.
709 1209 792 1274 Nam
813 1227 942 1286 sensus,
967 1207 1116 1290 enniungi
1136 1209 1233 1274 verba

141 1317 201 1382 illa
215 1317 381 1402 postulans
402 1321 490 1380 tanta
510 1315 613 1398 magis
633 1317 788 1383 aeeelerat
802 1316 968 1384 desursum
983 1315 1124 1393 numeri,
1148 1315 1233 1398 quod

144 1423 253 1490 statim
269 1431 414 1490 secutura
429 1430 478 1488 est
492 1443 593 1507 pausa
607 1423 641 1488 in
655 1431 768 1508 quarta
782 1423 856 1502 arsi,
879 1423 1031 1506 adquam
1047 1442 1145 1506 usque
1160 1441 1233 1507 per-

147 1531 220 1600 dnei
234 1551 384 1598 numema
399 1531 528 1596 debeat:

232 1705 354 1752 υέυυ.
371 1701 376 1789 η
392 1698 489 1752 ῦέυ.

80 1819 82 1824 Ι
141 1876 436 1952 ItainThesm.v.
455 1879 528 1941 609.

234 2044 373 2132 ἐγοοοας
397 2041 499 2136 τίτθη
521 2041 559 2136 νὴ
582 2039 639 2112 Δί’
661 2043 733 2136 ἐμή.
756 2044 939 2132 διοίχομαι.

142 2241 187 2308 Et
202 2241 236 2306 in
250 2239 335 2305 Ναὶ).
353 2253 384 2304 v.
403 2243 457 2303 71.

233 2406 343 2496 ὥςπερ
366 2407 574 2498 Μεγακλέης,
598 2405 722 2491 ξυστίδ’
746 2406 842 2494 ἔγωγ·
869 2409 932 2498 ἐγώ
955 2407 984 2476 δ’
1007 2409 1100 2501 ἔφην.

144 2603 232 2669 Nam
252 2621 293 2668 ne
313 2600 383 2685 quis
403 2600 455 2668 hin
469 2607 558 2688 putet
571 2600 853 2685 interpunctionem
873 2603 961 2683 eam,
984 2622 1066 2685 quae
1079 2610 1154 2668 ante
1168 2609 1232 2668 ter-

29 2737 31 2742 ’
141 2712 224 2777 tiam
238 2708 325 2774 arsin
341 2714 404 2787 est,
428 2708 549 2793 aliquid
570 2708 613 2774 ad
627 2728 693 2773 rem
709 2709 824 2792 faeere,
841 2709 947 2776 licebit
962 2728 1087 2776 versum
1102 2709 1147 2776 ita
1162 2729 1232 2775 mu-

138 2825 226 2896 tare,
243 2816 383 2884 numeris
398 2835 461 2882 non
476 2815 580 2882 minus
594 2816 704 2882 nentis:
961 2821 965 2834 '

233 2983 343 3073 ὥςπερ
366 2984 583 3074 Μεγακλέους
605 2982 730 3067 ξυσκίὸ
753 2983 851 3070 ἔχων·
874 2986 938 3075 ἐγώ
961 2984 990 3054 δ’
1014 2985 1106 3080 ἔφην.
1174 2971 1179 2980 ’

143 3179 188 3244 At
209 3176 263 3244 nbi
285 3179 397 3255 verba,
425 3177 597 3262 inquibus
623 3186 815 3264 anapaestus
841 3187 905 3259 est,
935 3200 1029 3247 sensu
1056 3181 1230 3266 distringas,

144 3286 253 3353 statim
268 3285 502 3351 animadvertas
517 3305 680 3352 numerum
695 3286 877 3371 depravari:

233 3451 381 3538 ξυστίδα,
407 3452 604 3543 Μεγακλέης
624 3452 745 3543 α’ίςιιερ,
769 3453 867 3539 ἔγωγ·
891 3451 1002 3545 ίγώιί
1025 3454 1116 3548 app».

144 3646 239 3726 Quod
253 3647 287 3713 in
301 3647 436 3732 Lysistr.
455 3649 530 3712 838.
547 3647 674 3732 legitur,

233 3813 349 3906 ἔγωγε·
371 3809 487 3884 κίίοιιν
508 3811 612 3902 alpis
633 3791 713 3908 ἀνὴρ
737 3817 909 3910 Κινησίας,

146 4007 193 4073 sin
208 4005 332 4074 videtur
346 4008 565 4092 corrigendum
579 4027 664 4076 esse:

234 4173 353 4266 ἔγωγε·
377 4171 478 4246 κᾶσθ’
501 4163 606 4262 ὃίμός
628 4175 655 4268 γ’
677 4175 757 4270 ἀνὴρ
785 4178 957 4276 Κινησίας,
