2930 4962
439 343 473 384 mr
491 342 608 384 arnano
623 340 841 386 inrrsrtsrrno.
1146 321 1186 384 73

410 414 419 440 l

97 497 235 559 Solvitur
250 503 354 558 autem
376 495 408 556 in
424 495 568 559 omnibus
584 495 789 581 antispasticis
805 493 949 556 versibus
965 494 1089 572 saepius
1105 493 1188 574 prior

94 603 193 680 arsis,
220 619 317 681 quam
337 599 502 680 posterior,
530 619 611 680 quae
631 599 701 679 quia
726 599 849 678 propior
871 598 939 672 tini,
965 597 1097 676 quietior
1119 613 1188 658 esse

93 704 202 766 debet.

186 907 304 994 5215.
331 913 393 973 Nec
403 910 535 974 dimeter
546 911 692 992 frequens
707 919 763 972 est.
794 903 1076 988 aeschylustgam.
1093 907 1185 968 1151.

97 1020 108 1078 Ἰ
121 1019 179 1076 tiit
193 1064 199 1076 .

188 1127 292 1215 νόμον
311 1120 447 1213 όνομον,
470 1118 528 1195 οἷό
550 1152 602 1208 τις
623 1123 746 1209 ξουθό·

188 1229 225 1301 τό
247 1227 277 1308 d’
301 1227 454 1322 ἐπίφοβα
476 1227 634 1322 όυςφόεῳ
657 1231 795 1321 κλαγγζ.

188 1439 307 1527 5216.
334 1445 484 1507 Trimotro
499 1462 576 1508 usus
588 1443 711 1507 videtur
720 1442 883 1526 Euripides
899 1443 1025 1506 intierc.
1042 1441 1102 1504 [ur.
1116 1442 1188 1504 919.

16 1597 17 1602 1
106 1551 245 1613 subiecto
260 1567 355 1610 versu
369 1567 386 1609 e
402 1546 527 1610 duobus
542 1546 690 1610 dochmiis
705 1547 799 1610 iacto:

172 1663 277 1752 ‚upa
299 1659 375 1730 cbo
397 1659 524 1751 τρόπον
546 1659 644 1731 ἔσυτο
665 1660 796 1731 θεόθεν
818 1662 874 1730 ἐπὶ
895 1660 1053 1750 μέλαθρα
1075 1687 1135 1728 καη

144 1771 148 1776 ’
191 1766 234 1835 κὰ
255 1764 349 1849 scida,
371 1762 537 1855 τλήμονάς
555 1789 593 1833 νε
615 1761 749 1834 παίδων
770 1763 879 1850 τύχας.

92 2011 94 2022 ’
196 1991 309 2076 5217.
342 1995 458 2076 Saepe,
492 1992 577 2076 apud
604 1995 732 2074 tragicos
759 1995 972 2076 potissimum,
1005 1996 1195 2078 antispastus

115 2099 297 2163 consociatur
312 2085 554 2177 aiiis‘numerim
578 2095 714 2160 iambicis
736 2099 870 2160 manime
893 2106 925 2160 et
946 2099 1114 2160 trochaicis.
1149 2100 1195 2161 Er

112 2203 161 2266 his
176 2201 293 2266 iambici
314 2201 377 2264 iere
401 2220 461 2262 non
483 2199 680 2278 santonis,
705 2200 745 2264 dc
760 2202 877 2283 quibus
892 2219 987 2281 snpra
1008 2201 1195 2280 explicatum

106 2317 164 2380 est,
182 2307 237 2388 qui
250 2326 308 2388 per
322 2303 462 2388 dipodias
476 2303 633 2382 incedunt,
653 2302 709 2366 sod
723 2323 763 2366 cr
778 2306 837 2366 alio
848 2322 970 2384 genere,
990 2315 1117 2384 cognato
1132 2325 1195 2367 an-

106 2411 253 2490 tispastis.
280 2407 371 2483 Quod
385 2408 458 2489 quia
473 2427 513 2470 ex
528 2406 723 2470 brevioribus
738 2407 902 2471 ordinibus
918 2415 1053 2486 constat,
1073 2417 1104 2469 et
1119 2425 1196 2488 pro—

104 2515 179 2576 inde
193 2511 349 2592 syllabam
364 2513 455 2574 etiarn
471 2513 634 2592 ancipitem
650 2512 687 2574 iis
703 2513 734 2574 in
750 2513 823 2574 locis
837 2510 981 2590 admittit,
999 2529 1017 2570 a
1033 2509 1147 2591 quibus
1163 2512 1195 2574 in

106 2614 241 2697 dipodiis
266 2615 390 2679 exclusa
406 2624 469 2693 est,
497 2612 581 2676 unde
602 2612 717 2678 inactus
739 2625 771 2677 et
792 2612 904 2677 debilis
924 2614 1063 2676 incessus
1087 2614 1193 2692 oritur,

108 2719 448 2800 ischiorrhogicos
478 2717 598 2780 iambos
621 2737 784 2798 vocamus,
807 2719 947 2796 nomine,
975 2715 1059 2797 quod
1082 2717 1198 2778 metrici

110 2825 247 2884 trimetro
255 2823 461 2904 Hipponacteo
475 2819 696 2900 adhibuerunt,
716 2822 778 2884 huc
794 2822 951 2884 translato.
974 2821 1089 2882 Eorum
1106 2829 1198 2899 prout

107 2935 163 2990 aut
176 2925 392 3005 monosyllaba
406 2935 461 2988 aut
475 2924 627 3005 disyllaba
642 2925 801 2990 anacrusis
816 2932 873 3002 est,
893 2925 950 2985 hae
966 2924 1081 2988 formae
1097 2924 1199 2988 usita-

107 3029 245 3093 tissimae
260 3037 352 3091 sunt:

195 3144 221 3177 υ
235 3130 260 3180 l.
275 3125 358 3180 ULU
668 3144 720 3178 υυ
734 3129 758 3178 .‘
772 3125 855 3199 040
944 3173 947 3180 .

223 3268 277 3302 W
714 3266 766 3300 W

198 3351 223 3403 0
239 3358 263 3406 L
277 3351 304 3403 ῦ
327 3356 351 3405 .’.
371 3353 420 3404 ῦ.’
630 3369 681 3402 w
695 3353 719 3402 ..'.
733 3349 759 3398 ῦ
780 3353 804 3402 ..‘.
827 3348 876 3402 02

224 3495 277 3528 W
311 3494 363 3526 W
671 3487 723 3522 w
762 3489 819 3550 *w

113 3586 317 3649 Inveniuntur
338 3590 442 3646 autem
464 3580 496 3642 hi
519 3597 630 3642 versus
657 3580 749 3641 ctiam
777 3579 864 3642 nuno
892 3578 1061 3660 antispasto
1084 3575 1198 3640 addito.

116 3689 265 3770 Exempto
280 3689 321 3751 sit
336 3702 460 3748 carmen
475 3678 729 3762 antistrophicum
746 3683 778 3744 in
794 3683 887 3764 soph.
908 3681 1019 3743 Electr.
1039 3682 1112 3742 tot.

200 3795 227 3872 ὦ
249 3801 412 3880 Πέλοπος
433 3795 455 3868 ἆ
480 3795 632 3884 πρόσθεν
927 3817 997 3884 στρ.

201 3904 396 3990 πολύπονος
417 3901 553 3985 ἱππεία,

202 4009 248 4092 ὡς
268 4008 387 4097 ἔμολες
408 4004 508 4095 atari

243 4115 327 4204 εᾷόε
348 4116 400 4202 γᾷ.

203 4215 359 4307 οὔτεγὰρ
382 4211 401 4283 ό
424 4211 623 4290 ποντισθεὶς
