2896 4960
274 377 332 437 100
671 393 726 434 nro.
747 393 779 436 n.
806 391 868 434 cnr.
887 391 962 434 xxiv.

266 567 352 626 eam,
378 547 510 627 quaein
531 546 651 608 heroico
672 549 785 609 usitata
807 555 870 627 est,
896 554 952 608 aut
974 545 1000 606 si
1024 543 1132 624 habet,
1152 541 1246 604 habet
1264 560 1356 604 casu.

268 652 374 732 Eurip.
394 651 503 731 Suppl.
523 650 597 712 271.

350 772 450 854 βᾶθι,
463 751 611 848 τάλαιν’,
635 762 733 853 ἱερῶν
753 763 909 834 δαπέδων
930 759 1001 834 άπὸ
1024 759 1288 854 Περσεφονείας,

350 875 450 956 βᾶθι,
473 869 531 937 καί
554 864 712 936 ἀντίασον
731 867 887 958 γονάτων,
909 865 968 936 dua
986 869 1083 958 χεῖρα
1103 867 1266 952 βαλοῦσα,

349 973 469 1040 τέκνων
489 969 685 1041 τεθνεώτων
705 970 844 1057 κομίσαι
866 970 987 1055 δόμας,
1010 963 1038 1036 oi
1058 967 1162 1056 μελόα
1187 964 1259 1058 ’χαλ

285 1142 290 1154 ,
350 1071 409 1155 οὓς
427 1073 496 1144 ὑπὸ
518 1072 642 1160 τείχεσι
665 1071 888 1160 Καδμείοισιν
911 1070 1072 1145 άπάλεσα
1094 1071 1243 1163 κοάροος.

349 1321 465 1404 5300.
491 1287 1357 1402 Herametroacataleetotregieiinsystematis

262 1436 528 1506 tetrametrornm,
553 1426 709 1488 interdum
732 1427 824 1488 etiam
848 1426 976 1488 seorsim
998 1427 1047 1488 nsi
1067 1435 1150 1488 sunt.
1184 1425 1283 1504 Soph.
1305 1426 1349 1486 El.

265 1533 428 1592 131.·150.
526 1555 530 1560 ·

348 1640 431 1721 ἀλλ’,
454 1637 481 1710 ὦ
503 1643 666 1720 παντοίας
687 1643 867 1736 φιλότητος
888 1640 1111 1730 ἀμειβόμεναι
1131 1643 1237 1734 χάριν.

349 1746 390 1815 tat
411 1741 612 1832 παντλάμων
633 1745 761 1833 Νιόβα,
783 1747 822 1816 οδ
844 1743 874 1816 δ’
897 1745 996 1837 ἔγωγε
1015 1747 1103 1832 νέμω
1124 1745 1217 1818 θεόν.

262 1877 337 1936 Vide
353 1875 459 1954 Eurip.
479 1874 589 1955 Suppl.
609 1873 682 1935 277.
703 1875 774 1934 278.

347 2117 371 2198 5
385 2112 463 2182 301.
490 2115 693 2177 Vehementer
707 2113 847 2192 delectati
863 2125 938 2177 sunt
952 2133 1081 2177 numero
1094 2114 1248 2194 dactylico
1262 2116 1354 2196 lyrici

262 2219 381 2282 mediae
397 2220 520 2296 aetatis,
539 2216 687 2298 Alcman,
707 2219 910 2296 Stesichorus,
930 2217 1052 2298 ibycus,
1072 2220 1113 2280 ita
1129 2227 1241 2287 utnon
1258 2218 1353 2281 modo

260 2323 434 2384 breviorum
448 2322 615 2382 formarum
625 2321 806 2402 permultas,
818 2320 875 2383 sed
886 2321 978 2384 etiem
990 2321 1151 2403 longiores,
1162 2341 1257 2402 quam
1267 2341 1353 2403 quae

258 2427 367 2488 ceteris
383 2427 413 2486 in
430 2443 491 2486 usu
505 2423 647 2503 fuerunt,
666 2424 939 2504 frequentaverint.
973 2422 1074 2505 Atque
1096 2426 1352 2507 heptemeter

253 2528 517 2590 catalecticus
532 2529 573 2588 in
587 2527 800 2608 syllabam,
820 2547 913 2608 quem
928 2528 1195 2595 hexametrum
1210 2530 1350 2612 hyper-

258 2630 1347 2713 catalectumethlcmaniumvocatServiusp.tset.‚inve-
1435 2659 1436 2666 ε

256 2738 341 2796 nitur
356 2737 387 2795 in
402 2735 566 2798 Stesichori
582 2735 689 2815 fragm.
708 2755 758 2816 ap.
778 2734 890 2797 Athen.
909 2736 959 2796 Xl.
979 2755 1011 2816 p.
1026 2739 1095 2798 l99.
1116 2737 1149 2796 Β.

341 2854 419 2917 πῖεν
440 2847 659 2934 ἐπισχόμενος
665 2901 675 2932 ,
698 2847 738 2918 τό
760 2848 802 2938 ῥά
823 2847 857 2916 oi
873 2849 1048 2940 παρίδητε
1065 2849 1176 2929 Φόλος
1191 2850 1342 2943 κεράσας.

341 3091 453 3176 §302
474 3095 1006 3174 Heptemetereateleoticus
1021 3093 1339 3178 indisyllahum,

256 3221 349 3282 quem
374 3199 656 3268 Stesichorium
681 3199 807 3260 Servius
830 3209 932 3277 vocat,
962 3201 1087 3280 saepius
1108 3202 1141 3260 in
1163 3199 1342 3280 fragmentis

256 3307 377 3366 illorum
400 3304 566 3384 lyricorum
586 3301 844 3382 deprehenditur,
869 3311 904 3364 ut
920 3303 1084 3365 Stesichori
1099 3322 1148 3383 ap.
1167 3305 1271 3368 Strah.
1292 3307 1338 3367 lll.

254 3427 285 3488 p.
302 3410 373 3468 118.
399 3411 432 3468 Β.
458 3407 553 3490 (Sti.)

249 3547 253 3556 ·
343 3529 540 3612 Ταρτησσοῦ
564 3509 723 3607 ποταμοῦ
749 3521 844 3612 παρὰ
867 3527 977 3614 πῆχας
999 3517 1178 3611 άπείρονας
1200 3519 1341 3616 άρχιιρο-

910 3621 1029 3711 ρίζους.

255 3752 330 3815 Vide
353 3751 491 3812 Alcman.
518 3750 555 3812 fr.
584 3751 635 3812 37.
663 3754 713 3812 10.
741 3753 792 3814 78.
833 3751 887 3811 llio
908 3751 1099 3832 heptameter
1120 3755 1185 3814 sive
1214 3755 1247 3814 in
1269 3755 1339 3834 syl-

255 3855 358 3917 labam
381 3856 447 3916 sive
467 3855 499 3915 in
522 3853 711 3934 disyllabum
734 3854 926 3916 catalecticus
949 3874 988 3916 ex
1011 3875 1072 3918 uno
1094 3865 1213 3919 tantum
1232 3857 1337 3919 ordine

248 3959 378 4022 'videtur
392 3966 549 4037 constare,
574 3965 606 4018 et
626 3956 754 4040 proinde
777 3957 869 4018 etiam
892 3975 995 4019 carere
1024 3977 1161 4022 caesura.
1201 3957 1277 4024 Nam
1299 3981 1336 4022 ex

253 4063 398 4144 pluribus
410 4060 570 4123 ordinibus
587 4059 719 4123 duorum
735 4061 868 4123 triumve
882 4059 999 4140 pedum
1014 4064 1041 4123 si
1056 4081 1231 4144 componas,
1250 4083 1335 4126 sem-

253 4186 310 4247 per
324 4168 463 4244 ineptum
475 4183 639 4226 numerum
651 4163 821 4243 praebebit.
847 4164 1016 4234 Subiicitur
1026 4175 1140 4246 eutem,
1156 4176 1191 4229 ut
1204 4165 1331 4244 videtur,

253 4289 350 4349 quum
373 4269 439 4332 aliis
469 4269 647 4348 dactylicis,
680 4276 745 4330 tum
759 4268 823 4348 iis,
849 4269 902 4347 qui
928 4287 984 4349 per
1006 4267 1146 4349 dipodies
1175 4269 1329 4332 incedunt.
