2896 4960
196 224 257 286 134
413 271 416 278 .
576 239 632 282 mn.
652 241 684 283 u.
719 241 782 282 ειν.
802 240 896 282 miv.

192 393 284 468 Quod
311 397 464 458 Luoianus
492 397 525 456 in
547 393 821 475 Tragodopodagra
848 414 879 456 v.
901 393 951 455 87.
984 411 1071 475 seqq.
1105 393 1284 457 catalectico

194 500 327 560 mixtum
342 500 461 580 posuit:

278 612 339 681 τάν
359 612 420 699 μὲν
441 611 603 704 Κυπρίαν
626 608 838 705 Ἀφροδίταν,

279 715 450 806 σταγόνων
472 723 711 807 προπεσοῢσαν
733 711 793 783 ἀπ’
817 714 970 805 αἰθέρος,

279 817 495 913 ἀνεθρέψατο
516 819 656 907 κόσμιον
677 817 827 910 ἆρμογὰν
1017 835 1019 840 ·

177 1017 178 1023 ¹
321 921 436 1004 ἁλίαις
457 923 506 992 ἐνί
526 923 651 1010 κύμασι
672 925 809 1016 Νηρεὺς.

193 1052 295 1113 Semel
309 1053 359 1112 hio
372 1053 405 1112 in
420 1050 523 1114 medio
539 1052 714 1114 catalaotioo
730 1049 921 1131 spondaum,
945 1049 1002 1112 sed
1017 1051 1049 1110 in
1064 1051 1189 1115 nomino
1203 1070 1288 1130 pro-

190 1155 267 1236 prio,
286 1153 419 1236 admisit,
438 1175 469 1216 v.
491 1152 562 1218 ⁴07.

277 1272 400 1358 Μοῖρα
420 1267 558 1336 Κλωθώ
579 1265 647 1338 τότ’
672 1265 815 1338 ἔλουσεν.

194 1391 261 1457 Alia
277 1396 419 1475 exempla
434 1395 587 1475 praebent
601 1397 739 1476 Dionysii
753 1404 784 1457 et
798 1395 979 1458 Mesomedis
995 1395 1112 1476 hymni.

277 1597 394 1684 §399.
426 1601 579 1666 Crebrum
606 1610 655 1670 est
682 1602 767 1684 apud
789 1597 1025 1683 Aristophanem
1051 1602 1137 1667 aliud
1167 1624 1282 1689 genus,

192 1706 368 1786 systematis
385 1703 657 1788 comprehensum:
676 1716 712 1771 ut
726 1709 758 1768 in
774 1708 850 1769 Paoa
866 1726 896 1771 v.
917 1710 990 1770 909.

277 1812 297 1912 ἦ
319 1819 459 1910 χρηστὸς
481 1816 563 1912 ἀνὴρ
585 1819 689 1890 πολί-

219 1975 220 1980 1
275 1950 352 2004 ταις
373 1924 462 1994 ἐστὶν
484 1922 622 2010 ὂίπασιν,
645 1922 700 2005 ὅς-

318 2053 370 2108 τις
391 2024 418 2117 y'
443 2027 515 2097 ἐστὶ
535 2033 700 2110 τοιοῦτος.

275 2239 392 2323 5400.
419 2242 505 2305 idem
524 2251 614 2323 poeta
636 2241 721 2324 apud
736 2239 929 2304 Athenaeum
945 2243 996 2304 IX.
1016 2262 1048 2322 p.
1070 2245 1141 2305 ito.
1162 2246 1195 2306 B.
1220 2247 1283 2307 alio

191 2365 287 2408 versu
302 2363 379 2408 usus
395 2357 453 2427 ast,
473 2348 562 2409 ouius
577 2347 660 2429 prior
673 2365 746 2428 pars
762 2346 865 2408 nescio
888 2365 929 2407 au
944 2366 984 2408 ax?
998 2347 1182 2429 vulgaribus
1197 2368 1283 2410 ana-

187 2450 305 2532 paestis
321 2458 456 2512 constet:

275 2565 365 2656 φέρε,
388 2569 473 2650 παῖ,
495 2563 622 2650 ταχέως
644 2563 728 2635 κατὰ
750 2562 860 2656 χειρὸς
882 2561 985 2654 ὕδωρ,
1007 2563 1218 2656 παράπεμπε
1240 2569 1280 2638 τὸ

820 2665 1069 2759 χειρόμακτρον.

273 2877 387 2963 §eth
410 2882 496 2944 Multi
508 2883 708 2943 inveniuntur
719 2880 883 2962 logaoediei
896 2900 1015 2962 versus,
1032 2885 1086 2966 qui
1097 2883 1182 2966 quod
1194 2885 1281 2947 iam-

187 2986 290 3083 hioam
301 2984 598 3065 anaorusinhabent,
609 2981 731 3066 propiie
742 3004 805 3047 non
816 2989 1092 3067 suntanapaestioi,
1111 2987 1281 3070 Euripides

188 3088 266 3152 Med.
288 3089 359 3151 ⁴52.

198 3288 203 3298 ·
273 3200 309 3272 τί
330 3200 387 3272 σοί
407 3227 492 3272 ποτε
513 3209 575 3283 τᾶς
596 3197 771 3272 ἀπλάστου

273 3305 391 3388 κοίτας
413 3303 497 3399 ἔρος,
524 3299 552 3374 ὦ
573 3303 714 3393 ματαία,

274 3406 414 3480 σπεύσει
434 3409 585 3480 θανᾶτου
608 3409 780 3480 τελευτάν·

282 3602 284 3605 ¹
315 3514 422 3605 μηδὲν
442 3513 520 3584 τόδε
543 3509 671 3584 λίσσου.

186 3642 281 3722 Soph.
300 3640 376 3704 oea.
393 3641 456 3706 σοι.
478 3645 550 3704 aaa.

273 3755 347 3822 ίκου
369 3753 412 3823 τὰ
435 3753 595 3846 κράτιστα
617 3759 679 3846 μοῖς
701 3752 843 3826 ἔπαυλα.

186 3883 292 3962 Eurip.
312 3885 383 3944 Heo.
410 3884 480 3944 450.

272 3995 362 4078 θοὰς
383 3993 528 4076 ἆνατοὺς
550 3993 603 4064 ἐπ’
627 3987 732 4082 οἶδμα
754 3996 882 4086 λίμνας.
