2922 4948
290 391 327 434 nr
344 391 533 434 srcoramvrt
552 392 581 434 m
598 391 712 434 mannan
730 391 781 432 sm
796 391 1029 434 nrsrmnvrronr.
1144 371 1200 434 231

118 547 223 612 aum.
243 547 300 610 ult.
319 547 372 608 23.

205 676 411 764 ἀτόλματον·
438 673 511 745 ἀλλ’
535 677 565 747 ό-

204 783 265 869 μοὶ
287 783 388 868 διῖμα
407 781 469 868 μὲν
486 779 742 871 παροιχόμενον.

204 1028 321 1112 5626.
347 1033 504 1096 Praeterea
527 1031 698 1096 videndum
720 1039 784 1110 est,
811 1039 846 1094 ut
868 1049 993 1112 quoque
1015 1033 1046 1092 in
1069 1031 1150 1110 loeo,
1181 1035 1206 1094 si

118 1156 197 1219 opus
213 1146 261 1198 est
276 1135 375 1203 diviso
390 1136 557 1214 vocabulo,
582 1155 617 1198 ea
633 1136 743 1198 divisio
758 1134 960 1214 adhibeatur,
983 1155 1063 1216 quac
1078 1136 1207 1217 elegan-

119 1241 236 1302 tissima
252 1249 316 1321 est,
343 1241 574 1322 minimamque¹
585 1240 782 1304 offensionem
799 1238 901 1300 habet.
935 1239 1002 1314 Qua
1022 1241 1053 1300 in
1070 1259 1103 1302 re
1119 1241 1205 1304 mul-

118 1353 186 1408 tum
202 1343 311 1426 relert,
338 1344 544 1424 considerare,
563 1361 658 1424 quam
673 1351 754 1406 arcte
770 1362 849 1404 nexa
866 1344 930 1406 sint
945 1344 1096 1406 membra.
1129 1346 1206 1408 Nam

118 1449 144 1510 si
155 1449 197 1512 ita
209 1457 283 1510 sunt
294 1448 466 1528 coniuncta,
481 1458 518 1510 nt
529 1448 648 1528 singula
661 1455 743 1508 reete
759 1467 856 1509 unum
870 1467 994 1512 versum
1007 1450 1203 1529 constituant,

118 1555 137 1614 i.
157 1573 184 1613 e.
206 1561 251 1632 ut,
271 1553 414 1633 quamvis
430 1553 612 1616 cohaereant
626 1571 697 1614 cum
713 1551 771 1612 alio
786 1552 943 1633 membro,
970 1559 1074 1615 mmeh
1097 1573 1153 1633 per
1175 1573 1208 1615 se

119 1656 297 1719 absolutum
310 1655 466 1737 quoddam
478 1676 514 1718 ac
529 1665 627 1719 totum
639 1655 820 1736 praebeant,
839 1657 936 1719 multo
953 1659 1052 1718 minor
1063 1677 1207 1721 concessa
1287 1677 1290 1682 ·

117 1770 166 1822 est
188 1759 330 1840 libertas,
357 1779 565 1840 quamquam
587 1760 700 1823 arctius
717 1780 813 1841 nexa,
840 1780 901 1823 non
924 1762 987 1824 sola
1004 1783 1059 1844 per
1074 1783 1124 1840 se,
1152 1762 1208 1824 sed

118 1866 331 1928 coniunctione
356 1883 411 1926 sua
436 1883 507 1926 eum
530 1865 598 1926 aliis
621 1872 720 1926 totum
743 1864 868 1945 aliquod
884 1865 1029 1928 alliciunt.
1065 1869 1103 1928 Vt
1118 1866 1203 1946 illud,

118 1969 204 2051 quod
220 1969 310 2034 modo
326 1990 366 2033 ex
381 1967 467 2032 Pind.
485 1969 534 2031 Ol.
556 1971 584 2030 l.
604 1968 829 2034 afferebamus:

206 2101 266 2169 ἅτε
288 2101 474 2191 διαπρέπει
496 2101 602 2171 νιν-ντὶ
622 2099 807 2191 μεγάνορος
829 2099 927 2186 ἔξοχα
949 2101 1108 2187 πλούτου,

117 2249 191 2330 quia
208 2247 284 2308 haec
297 2266 397 2309 unum
414 2265 539 2308 versum
555 2246 680 2326 iaciunt,
700 2245 840 2309 idoneam
856 2248 1085 2310 excusationem
1102 2247 1205 2326 habet,

118 2371 180 2434 qua
195 2361 329 2432 careret,
349 2351 376 2414 si
391 2350 454 2414 duo
469 2351 572 2432 potius
587 2369 697 2413 versus
714 2359 835 2412 essent:

205 2471 376 2548 νυν-’ψῃ
390 2469 393 2556 l
407 2469 662 2534 υυέυυψυ.-.

117 2577 193 2640 Male
210 2595 283 2640 vero
299 2577 438 2639 membra
453 2577 498 2638 sie
512 2576 792 2657 distinguerentur:

205 2696 353 2746 ωοέυ.
367 2693 372 2784 Ι
384 2695 650 2746 Lw-wLw-..

119 2821 180 2865 non
196 2803 296 2865 solum
312 2803 384 2883 quia
400 2803 554 2883 proportio
577 2802 653 2862 haec
676 2800 886 2863 membrorum
901 2820 1013 2881 parum
1029 2812 1099 2884 apta
1115 2801 1203 2880 soret,

120 2906 175 2969 scd
191 2908 283 2968 etiam
299 2908 371 2987 quia
386 2906 552 2988 pleraeque
575 2905 718 2986 strophae
734 2906 765 2965 in
782 2907 910 2986 septima
932 2906 1051 2986 syllaba
1070 2906 1208 2968 vocabu-

119 3011 184 3073 lum
201 3011 322 3072 linitum
337 3009 464 3072 habent.
497 3010 643 3072 Similiter
658 3010 689 3072 in
707 3010 757 3072 illo
773 3010 859 3088 Pyth.
880 3011 953 3072 Vlll.

207 3143 244 3212 ἐκ
266 3141 543 3232 condemnemini
565 3145 672 3233 λῆμα·
696 3143 849 3230 θαέομαι
871 3143 988 3238 σαφές,

120 3288 307 3370 comparatio
323 3287 533 3352 membrorum
549 3306 609 3348 non
625 3295 696 3368 apta
711 3287 804 3366 leret,
832 3290 858 3352 si
881 3288 956 3350 haec
973 3287 1111 3350 membra
1130 3305 1209 3350 oen-

121 3394 333 3458 stituerontur:

207 3511 303 3560 Lw..
317 3510 321 3596 Ι
333 3507 575 3559 Αὖζαν-’ωψ-

122 3621 215 3682 immo
232 3617 494 3700 interpunctioncs
509 3617 540 3678 in
553 3617 662 3678 ceteris
674 3615 807 3697 strophis
822 3615 874 3694 ita,
894 3615 939 3678 uti
951 3633 1043 3697 snpra
1058 3615 1203 3700 diximus,
1313 3622 1317 3631 '

122 3720 377 3804 distinguendum
393 3739 462 3782 esse
476 3719 603 3782 docent:
799 3717 801 3722 ’

209 3844 328 3890 έυυ--
345 3838 586 3928 Ιῦζυέυυω-.

123 3951 182 4014 Vbi
204 3957 346 4032 apertum
370 3958 432 4026 est,
466 3947 682 4028 elegantiorem
707 3965 774 4010 esse
796 3945 978 4012 divisionem
1000 3951 1158 4031 vocabuli,
1185 3955 1211 4013 si

122 4048 243 4132 παισί,
268 4053 409 4134 quamsi
435 4044 554 4112 παισὶν
583 4051 745 4116 scribatur.
778 4053 866 4116 Nullo
896 4052 985 4116 modo
1012 4063 1116 4118 autem
1139 4053 1210 4116 lerri

122 4168 224 4240 potest
240 4156 317 4219 illud
333 4155 437 4217 lsthm.
457 4155 513 4216 ult.

211 4287 416 4375 ἀτόλματον·
441 4282 512 4354 ἀλλ’
537 4285 632 4372 ἐ-μοὶ
654 4289 754 4374 δεῖμα
776 4288 837 4373 μὲν
859 4287 1112 4377 παροιχόμενον.
