2930 4962
254 362 296 424 66
373 325 376 332 ⁵
656 380 713 428 ιιι.
733 381 765 424 u.
800 379 863 423 coe.
880 377 939 424 an.

253 533 349 602 tosus
364 534 460 597 unius
475 533 580 600 brevio
594 531 745 612 syllabae
769 533 870 605 Quare
886 549 994 612 paeon,
1011 531 1064 610 qui
1083 548 1153 595 vero
1167 547 1265 611 paeon
1278 537 1339 608 ast,

252 633 343 696 valde
358 633 501 699 diversus
524 644 572 697 ost
593 635 633 696 ab
653 654 690 702 eo
704 653 837 716 paeone,
861 634 917 714 qui
936 633 1087 699 solutione
1108 635 1254 700 nascitur.
1288 632 1344 697 Hic

252 739 346 818 enim,
366 747 401 800 ut
416 741 481 820 ipse
497 739 645 819 Creticam,
664 738 744 802 duas
760 757 846 800 arses
861 737 966 816 habet,
986 745 1018 798 at
1031 737 1132 798 thesin
1148 737 1243 798 unius
1257 745 1343 796 tern-

253 843 352 923 poris;
372 842 422 904 ille
438 863 531 907 unam
548 846 641 925 arsin,
661 843 762 905 thesin
777 851 881 905 autem
897 841 989 904 trium
1006 849 1198 920 temporum.v
1224 837 1343 900 Deinde

253 946 373 1025 Cretici,
392 955 427 1008 ut
441 945 459 1030 ξ
474 947 545 1012 tat.
565 956 723 1017 ostensum
738 955 802 1027 cst,
821 965 884 1008 non
898 945 1062 1011 cohaerent
1076 945 1156 1009 inter
1170 963 1204 1006 se
1220 941 1344 1006 ordini-

254 1049 316 1112 bus
327 1049 505 1132 pen'odicis;
520 1069 654 1136 paeones
664 1060 768 1117 autem
780 1050 902 1114 omnino
914 1050 955 1112 ita
968 1048 1140 1128 cohaerent,
1156 1054 1187 1108 et
1197 1045 1344 1128 plerom-

163 1159 168 1169 '
253 1172 314 1233 que
323 1153 462 1238 quidem,
479 1155 702 1222 trochaicomm
710 1153 964 1236 dactylorumque
975 1169 1175 1216 numerorum
1184 1148 1341 1230 exemplo,

252 1256 403 1343 dipodiis:

338 1357 537 1408 va.vw
744 1359 941 1412 Μέυυυ..

251 1464 354 1536 Quare
369 1464 413 1524 sio
428 1462 627 1527 statuendum
643 1471 706 1546 est,
725 1483 835 1534 versus
851 1483 975 1546 omnes,
1001 1463 1165 1547 inquibus
1188 1479 1244 1544 pes
1260 1462 1347 1528 Cre-

252 1564 331 1628 ticus
346 1567 518 1648 paeonibus
533 1568 691 1630 admixtus
706 1570 893 1650 reperiatur,
913 1570 1048 1632 Creticos
1063 1587 1147 1646 esse;
1167 1567 1221 1648 qui
1236 1576 1343 1630 autem

251 1688 291 1730 ex
318 1671 404 1749 puris
425 1671 595 1753 paeonibus
623 1681 779 1752 constent,
805 1674 855 1733 vel
878 1692 947 1737 esse
969 1673 1149 1753 paeonicos,
1175 1670 1226 1732 vol
1248 1689 1344 1750 posse

251 1790 329 1836 esse.
363 1774 439 1836 Nam
456 1775 593 1837 Creticus
616 1795 714 1857 quum
736 1795 792 1858 pro
815 1795 933 1858 paeone
953 1777 1026 1858 poni
1040 1783 1191 1856 nequeat,
1218 1791 1345 1852 semper

252 1875 364 1940 indicio
379 1886 427 1940 ost
442 1879 562 1946 numeri
577 1898 638 1944 non
653 1881 810 1961 paeonici;
836 1899 935 1962 paeon
950 1889 1072 1960 autem,
1097 1880 1152 1959 qui
1165 1885 1270 1958 potest
1284 1895 1342 1956 pro

251 1979 369 2044 Cretico
383 1983 473 2061 poni,
495 2001 551 2064 per
572 2001 606 2046 ee
620 1983 786 2066 ambiguus
808 1994 926 2064 manet,
953 1995 1058 2050 utrum
1081 2003 1115 2046 rc
1130 1999 1205 2044 vesu
1225 1997 1339 2062 paeon,

252 2101 292 2144 an
315 2083 426 2149 solutio
441 2085 550 2148 Cretici
572 2087 622 2151 sit.
650 2088 742 2162 Quod
764 2089 824 2150 nisi
842 2088 931 2150 fallor
951 2097 982 2150 ct
1004 2105 1132 2152 nurnero
1147 2094 1179 2146 et
1193 2101 1340 2150 mensura

251 2204 384 2267 paeones
399 2207 416 2250 a
432 2190 558 2256 Creticis
574 2189 690 2254 diversi
709 2202 795 2254 erant.
829 2193 905 2256 Nom
927 2210 1025 2271 quum
1047 2189 1263 2254 difficillimum
1286 2188 1338 2266 sit,

252 2309 402 2371 paeones,
429 2311 561 2373 qnorum
584 2295 680 2358 thosis
700 2294 741 2357 ad
769 2296 853 2358 arsin
875 2313 943 2356 eam
964 2295 1224 2375 comparationem
1244 2291 1344 2356 babet

251 2398 375 2474 quam3
392 2395 433 2460 ad
445 2398 473 2478 λ,
489 2399 685 2480 inrecisum,
703 2408 739 2460 ut
754 2417 816 2461 non
827 2397 965 2460 acuenda
977 2398 1117 2479 puniam
1130 2395 1233 2458 media
1242 2396 1341 2460 trium

251 2497 393 2566 brevium
417 2501 536 2580 syileba
559 2502 592 2566 in
608 2503 762 2566 &uticum
782 2521 948 2566 numerum
970 2501 1159 2580 incidamus,
1186 2499 1285 2564 facilis
1307 2501 1342 2562 fit

251 2604 395 2686 recitatio,
411 2606 437 2666 si
450 2606 532 2666 arsin
545 2607 697 2670 sumimus
708 2626 815 2688 parem
826 2608 916 2688 thesi,
932 2608 962 2669 h.
978 2627 1007 2671 ε.
1025 2615 1088 2668 tres
1099 2623 1201 2666 morae
1211 2603 1341 2666 hahen—

251 2715 323 2769 tem.
356 2706 401 2770 Ac
415 2711 518 2770 nescio
533 2729 573 2772 an
589 2731 625 2772 eo
639 2711 746 2774 referri
768 2712 888 2794 possint
911 2712 986 2772 haec
1000 2708 1143 2772 Aristidis
1157 2706 1341 2781 Quintiliani
1450 2698 1455 2709 ’

152 2833 158 2846 “
251 2829 282 2890 p.
302 2813 352 2873 33.
380 2806 542 2887 σύνθετος
564 2808 602 2877 δέ
624 2808 695 2877 ἐστι
722 2807 841 2898 χρόνος
866 2807 885 2874 ὁ
907 2810 1121 2894 διαιρεῖσθαι
1150 2805 1340 2891 δυνάμενος.

249 2906 375 2979 τούτων
391 2908 429 2978 δὲ
443 2905 463 2978 ὃ
477 2909 538 2994 μὲν
553 2909 743 2980 διπλασίων
764 2911 838 2982 ἐστὶ
851 2919 912 2980 τοῦ
926 2909 1082 2999 πρῶτον·
1105 2904 1125 2979 δ
1148 2907 1186 2978 δὲ
1199 2909 1342 2992 aporrh-

250 3009 348 3080 σίων·
368 3007 389 3084 ὃ
411 3011 739 3104 cosummatus·
761 3013 855 3106 μέχρι
877 3013 938 3103 γὰρ
953 3012 1114 3103 τετράδος
1131 3006 1342 3102 προῆίδινδ
1455 3023 1457 3062 ³

251 3115 416 3206 ροθμικδς
435 3114 563 3202 χρόνος.
597 3124 636 3186 Et
657 3127 754 3206 magis
776 3126 868 3186 ctiam
889 3123 973 3205 quod
987 3121 1191 3186 Aristoxenus
1213 3121 1246 3182 in
1261 3120 1342 3186 ute-

105 3239 107 3244 ’
222 3296 224 3302 ,
251 3226 364 3288 mentis
388 3225 569 3304 rhythmicis
590 3247 623 3308 p.
643 3229 715 3290 303.
741 3229 877 3309 scripsit:
902 3222 1058 3311 τέταρτοι
1082 3221 1121 3290 δι’
1142 3217 1228 3288 cicer
1250 3215 1287 3288 οἱ
1308 3217 1342 3286 δν

250 3320 405 3414 ἑξαοήμῳ
422 3322 576 3411 μιγίδιι·
593 3321 665 3394 ἔστι
677 3325 716 3395 δὲ
729 3324 769 3394 ιδ
783 3325 929 3415 piratae
949 3330 1049 3393 τοῦτο
1066 3323 1126 3393 δύο
1147 3329 1250 3412 γενῶν
1270 3346 1341 3399 νοι-

249 3427 324 3510 νόν,
344 3432 405 3498 τοῦ
425 3451 462 3497 τι
485 3424 646 3515 ίαμβικοδ
668 3430 806 3498 καὶτοῦ
833 3430 1043 3498 δονουλιιοδ.
1067 3427 1102 3496 ἐν
1122 3425 1185 3516 γὰρ
1204 3429 1280 3504 τοῖς
1305 3421 1343 3506 ἓξ

249 3536 350 3619 τριῶν
366 3530 623 3616 λαμβανομένων
637 3531 760 3622 λόγων,
784 3540 845 3601 τοῦ
859 3559 897 3601 τι
910 3529 986 3602 ἴσον
1002 3531 1060 3600 καὶ
1080 3539 1140 3600 τοῦ
1156 3527 1340 3600 διπλασίου

249 3633 308 3700 καί
349 3640 412 3700 τοῦ
447 3634 718 3717 πενταπλασίου,
758 3633 776 3705 ὃ
813 3637 875 3722 μὲν
917 3637 1106 3714 τελευταῖος
1134 3632 1251 3723 ῥηθείς
1280 3625 1340 3697 οὐκ

251 3735 417 3829 ἔρρυθμός
433 3736 522 3808 ίοτι·
545 3745 609 3807 τῶν
624 3739 663 3808 δδ
682 3739 890 3834 λειπομίνων
910 3745 963 3826 (sic
976 3763 1033 3823 pro
1048 3735 1230 3826 λεγομένοιν
1258 3739 1339 3802 scri·
1453 3809 1454 3822 ρ

250 3845 397 3928 bendum)
433 3838 459 3910 δ’
482 3841 543 3927 μὲν
571 3845 632 3909 τοῦ
660 3838 736 3911 ἴσον
766 3841 865 3931 λόγος
895 3839 945 3921 εἷς
965 3841 1004 3908 τὸ
1031 3838 1227 3910 δανιτλιιδν
1248 3833 1340 3926 γένος
1453 3823 1454 3862 ¹

251 3943 460 4030 ἐμπεσεῖται·
483 3942 501 4014 ὁ
524 3945 565 4015 ot
584 3951 646 4013 τοῦ
667 3942 850 4014 διπλασίου
874 3942 925 4024 τίς
944 3943 984 4012 τὸ
1007 3940 1172 4031 λαμβιιιόιι

336 4156 361 4238 5
378 4153 453 4224 190.
479 4157 594 4220 histrici
608 4157 747 4238 quidem,
767 4159 822 4238 qni
837 4157 933 4220 sciam
950 4159 1123 4239 simplicem
1137 4167 1168 4218 et
1182 4154 1334 4236 coptiten

251 4280 428 4360 morsuram
443 4259 650 4341 adurisaaam,
670 4262 744 4324 nihil
763 4264 843 4324 iuter
857 4261 1038 4326 (troncoso
1053 4277 1186 4340 paeones
1201 4258 1333 4322 divorsi-
