2930 4962
258 361 299 426 28
676 383 731 425 nra.
753 385 772 426 1.
807 383 870 426 car.
889 383 916 426 x.

258 535 361 624 verbis
372 535 639 616 haecpraepositio
651 556 713 599 una
725 535 844 616 syllaba
851 539 1047 616 pronuntiata
1055 537 1123 600 tuit.
1150 531 1344 621 8οάζαπρέ-
1397 543 1403 564 ’

257 657 323 700 πον
331 635 484 718 Aeschylo
495 647 527 701 et
537 639 637 702 tribus
648 633 854 722 λοοίεκοίρζαν
864 640 992 704 obtrusa
1003 641 1216 721 relinquentur
1228 643 1344 708 inven-

258 743 325 804 tori.
366 743 516 823 Corrupta
539 753 614 806 sunt
634 747 666 806 in
688 744 846 825 Euripidis
868 746 931 807 lon.
952 745 1024 806 285.
1051 745 1138 807 Herc.
1163 744 1223 807 lur.
1246 746 1340 807 ⁴995.

259 846 367 907 Bacch.
380 849 451 908 996.
482 837 828 926 Πίθιος,Ὀλομπίου,
844 835 951 932 ίίργια.
973 844 1176 910 Admiserunt
1186 849 1258 910 talia
1269 849 1344 910 mali

255 956 365 1029 poetae
380 951 563 1012 necessitate
579 951 685 1030 eoacti,
706 959 740 1012 ut
750 928 909 1036 Πήλιοίδα
922 950 1050 1013 Sotades
1065 950 1106 1011 ab
1119 951 1344 1029 Hephaestione

257 1058 288 1112 et
303 1051 369 1113 aliis
382 1053 503 1138 citatus,
525 1045 666 1128 Φειδίας
677 1062 707 1114 et
717 1042 944 1128 Ἀπολλωνίας
958 1053 1043 1137 apud
1055 1054 1183 1116 Pausan.
1196 1056 1230 1116 V.
1247 1053 1296 1133 lo,
1309 1057 1340 1115 9.

258 1157 310 1236 89,
331 1159 360 1219 9.
395 1158 493 1220 Latini
508 1155 669 1236 (abietibus,
688 1156 878 1236 connubium,
897 1157 1052 1218 consilinm
1069 1156 1223 1219 interdum
1242 1158 1345 1220 littera

256 1259 361 1338 ipone
377 1262 573 1324 consonantis
591 1261 686 1322 vicem
703 1269 826 1321 teneme
841 1269 1003 1339 usurpant.

342 1481 366 1563 5
380 1480 435 1547 94.
463 1483 612 1546 Notabilis
623 1494 672 1546 est
683 1485 923 1565 syneophonesis
936 1503 992 1546 seu
1006 1485 1109 1564 potius
1121 1481 1205 1544 elisio
1222 1503 1232 1544 ι
1247 1482 1346 1546 dativi

255 1586 419 1666 singularis
436 1589 541 1649 tertiae
557 1586 784 1666 declinationis,
806 1597 843 1649 ut
857 1584 940 1666 apud
957 1589 1140 1648 Homerum:

339 1705 435 1789 χαῖρε
451 1702 489 1770 δὲ
503 1708 552 1790 τῷ
568 1695 677 1788 ὄρνιθ’
692 1698 854 1784 Ὀδυσεύς,

341 1799 448 1892 ἀστέρ’
465 1799 623 1892 ὀπωρινῷ
640 1802 833 1892 ἐναλίγκιον.

160 1946 163 1955 ’
256 1931 290 1990 ln
312 1929 360 1990 his
382 1928 509 2009 quidem
532 1931 681 2010 exemplis
703 1931 892 2010 grammatici
914 1930 1027 1994 docent
1048 1951 1110 1994 non
1131 1931 1204 1992 elidi
1230 1953 1262 2006 ι,
1288 1933 1347 1996 sed

254 2042 424 2111 agnoscunt
438 2042 542 2096 tamen
553 2023 686 2096 Αἴανθ’
703 2021 741 2108 ὃς
755 2033 841 2096 lliad.
861 2035 911 2094 Xl.
929 2037 1000 2095 589.
1026 2034 1093 2096 Vid.
1113 2035 1267 2117 Spitanem'
1282 2055 1346 2097 ox-

255 2154 337 2198 onrs.
357 2137 405 2198 Vl.
425 2136 464 2199 ad
480 2135 566 2198 lliad.
599 2137 661 2198 Sed
683 2145 714 2198 et
734 2137 819 2218 apud
834 2139 999 2200 Homerum
1022 2137 1079 2200 hoc
1101 2156 1205 2201 rarum
1221 2148 1285 2217 est,
1313 2149 1348 2201 et
1455 2158 1456 2179 ³

253 2239 353 2301 rarius
376 2238 461 2319 apud
475 2237 591 2302 Atticos
611 2243 652 2314 (v.
670 2241 811 2302 Matthiae
833 2239 874 2302 ad
889 2241 995 2322 Eurip.
1015 2237 1126 2302 Alcest.
1148 2241 1268 2324 1198),
1289 2245 1346 2324 qni

254 2343 346 2405 etiam
357 2343 390 2403 in
402 2341 514 2404 dativis
526 2343 700 2421 pluralibus
712 2345 870 2406 elisionem
878 2344 991 2404 vitant:
1007 2364 1037 2404 v.
1048 2328 1169 2404 Persou.
1196 2342 1340 2424 Append.

253 2444 293 2506 ad
310 2447 406 2526 Toup.
427 2447 494 2506 Em.
515 2447 546 2508 iu
562 2444 648 2508 Snid.
668 2467 698 2526 p.
723 2448 791 2506 tto.
811 2455 843 2506 et
857 2445 992 2525 Monthly
1009 2447 1133 2507 Heview
1146 2448 1238 2508 9789.
1259 2448 1346 2526 Sep-

253 2548 348 2610 temb.
367 2569 398 2630 p.
419 2550 491 2610 etl.

339 2773 363 2853 ᾗ
377 2768 432 2836 95.
460 2775 557 2835 Latini
571 2782 689 2834 veteres
705 2775 738 2835 in
750 2774 908 2836 vocabulis
924 2774 1012 2836 brevi
1027 2772 1148 2855 syllaba
1164 2775 1195 2835 in
1208 2775 1344 2838 litteram
1457 2809 1458 2838 r

252 2893 267 2934 s
282 2884 415 2937 exeunte
431 2877 602 2938 terruinatis
617 2895 710 2956 saepe
726 2877 914 2938 abiiciebant
928 2897 942 2940 s
957 2886 1084 2957 propter
1098 2884 1241 2955 metrum,

738 2983 801 3042 vito
817 2981 869 3041 illo
884 2981 986 3062 dipoc'
1003 2981 1131 3062 locoque.

255 3082 371 3143 Soenici
386 3091 495 3163 poetae
511 3099 579 3142 raro
595 3082 652 3144 hoo
667 3082 807 3148 lecerunt
821 3085 853 3144 iu
876 3084 912 3145 iis
930 3103 1077 3146 versuum
1092 3083 1176 3162 locis,
1196 3084 1250 3164 qui
1265 3083 1344 3145 dili-

254 3192 376 3264 gentem
392 3186 491 3247 iustae
508 3204 671 3248 mensurae
687 3186 932 3250 observationem
948 3187 1120 3266 requirunt.

339 3405 432 3488 §att
460 3407 661 3472 docentus
676 3410 762 3490 apud
778 3421 897 3474 veteres
914 3413 1015 3492 epicos
1030 3410 1199 3491 plurimum
1216 3411 1342 3473 valebat

254 3511 344 3573 etad
364 3511 582 3592 producendas
605 3513 761 3594 syllabas,
787 3517 819 3576 in
842 3515 958 3596 quibus
981 3515 1099 3595 positus
1123 3525 1220 3593 esset,
1247 3524 1279 3575 et
1301 3513 1341 3576 ad

140 3613 142 3618 '
255 3613 480 3695 corripiendas,
506 3633 584 3696 quas
608 3617 657 3678 vel
678 3629 877 3697 sequeretur,
905 3619 953 3680 vel
970 3616 1177 3700 praecederet.
1212 3617 1341 3680 Produoi

254 3717 328 3779 lacit
342 3718 494 3797 syllabam
508 3721 722 3800 penultimam,
742 3724 768 3783 si
786 3723 891 3784 ultima
907 3723 994 3802 longa
1010 3729 1074 3800 est,
1095 3723 1127 3781 in
1142 3721 1238 3798 thesi,
1259 3730 1293 3784 ut

343 3819 433 3903 δῶρα
449 3812 529 3905 παρ’
546 3816 676 3886 Αἰόλον
692 3819 916 3910 μεγαλήτορος
927 3817 1149 3900 Ἱπποτάδαο,

255 3923 368 4003 Odyss.
388 3945 416 3986 κ.
439 3927 489 3988 36.
509 3928 543 3988 V.
563 3927 659 3989 Elem.
680 3927 710 3991 d.
731 3947 771 3989 m.
791 3948 821 4008 p.
843 3931 893 3990 56.
927 3930 960 3991 Si
983 3929 1088 3991 brevis
1104 3936 1152 3990 est
1167 3927 1292 4007 ultima,
1311 3929 1341 3988 iu

255 4028 333 4090 arsi:
360 4027 393 4089 ll.
411 4049 446 4106 μ.
464 4029 535 4092 208.
555 4050 591 4091 π.
612 4032 682 4092 lt5.

346 4147 455 4231 Τρῶες
471 4140 501 4211 d’
518 4141 701 4235 ἐρρίγησαν,
718 4143 812 4226 ὅπως
825 4141 899 4214 ίόον
914 4143 1033 4215 αἰόλον
1049 4139 1138 4238 ίίφιν.

345 4246 474 4326 ἵππους
488 4242 517 4315 d'
536 4244 773 4334 Αὐτομέδοντα
788 4255 884 4330 θοῶς
899 4247 1071 4338 ζευγνύμεν
1087 4242 1220 4337 ἄνωγον.
