2930 4962
239 367 281 409 llll
507 369 509 381 ¹
694 369 862 412 PRAEFATIO.
949 364 952 378 ’

239 518 313 583 Alia
332 519 397 584 iam
412 519 463 584 vel
483 539 523 584 ex
543 519 703 586 codicibus
717 522 768 586 vel
790 527 878 588 eerta
897 523 1075 588 ooniootura
1094 524 1171 590 vitio
1190 525 1324 590 liberata

239 631 323 703 sunt,
346 633 381 690 ut
399 625 493 710 Vesp.
517 630 566 704 ll.
590 627 649 711 Ep.
668 633 700 693 7.
718 632 793 694 208.
817 629 898 694 Rau.
918 634 970 694 76.
994 630 1054 696 Av.
1073 635 1126 696 40.
1149 633 1225 716 Lys.
1245 635 1320 696 200.

238 732 475 798 Eoeless.146.
504 737 573 798 167.
597 737 670 802 428.
719 735 896 820 Singularis
925 737 1005 803 ratio
1035 744 1084 804 est
1109 757 1219 806 versus
1245 743 1320 805 415.

238 839 350 906 Panis:
449 879 451 884 ·

326 1031 382 1098 καὶ
404 1039 465 1099 τοῦ
486 1029 605 1100 κυ’κλου
629 1031 841 1122 παρέτρωγον
862 1029 920 1125 ὑφ’
944 1031 1169 1124 ἆρματωλίας,

239 1240 292 1322 qui
308 1241 429 1326 speeie,
447 1263 511 1306 non
526 1262 576 1321 re,
599 1242 731 1309 vitiosus
746 1249 805 1309 est.
835 1243 918 1309 Nam
934 1265 1005 1310 eum
1020 1245 1131 1312 histrio
1146 1244 1174 1310 si
1189 1245 1235 1312 sio
1249 1267 1324 1331 pro-

238 1348 425 1428 nuntiasset,
443 1350 488 1415 uti
504 1348 659 1416 debebat:

326 1542 383 1610 καὶ
404 1552 466 1610 τοῦ
488 1543 607 1612 κύκλου
631 1544 845 1635 παρέτρωγον
864 1541 922 1638 ὑφ’
946 1544 1170 1634 ἁμαρτωλίας,

239 1758 323 1818 reete
338 1772 373 1819 se
387 1753 518 1820 haberet
533 1777 699 1823 numerus:
724 1756 782 1822 sed
801 1756 894 1822 iussit
908 1777 980 1823 eum
995 1763 1090 1842 poeta
1104 1759 1201 1824 voluti
1216 1758 1326 1841 lingua

238 1860 435 1927 aberrantem
459 1855 516 1948 ὑφ’
541 1858 755 1949 ἁρματωλίας
774 1864 897 1931 dicere:
922 1872 1112 1950 quapropter
1134 1865 1223 1932 illum
1246 1865 1326 1932 haee

239 1968 337 2032 verba
357 1969 403 2034 sio
417 1970 638 2053 pronuntiasse
659 1972 834 2056 putandum
850 1978 917 2050 est,
942 1979 976 2038 ut
997 1967 1054 2062 ὑφ’
1077 1967 1168 2056 ἁρμα
1190 1993 1247 2058 pro
1269 1972 1326 2038 tri-

238 2074 355 2141 braoho
371 2083 465 2142 esset.
498 2078 535 2142 In
551 2078 664 2163 Vespis
684 2101 715 2144 v.
739 2083 830 2144 1160.
849 2101 930 2163 quae
948 2081 1141 2164 praecedunt
1155 2079 1195 2146 de
1210 2081 1325 2147 oaloeis

239 2177 404 2250 Laconicis
421 2184 506 2250 diota
521 2186 567 2252 sio
582 2186 781 2254 scribendum
797 2187 984 2254 ostendunt:

326 2383 390 2455 ὡδὶ
412 2387 544 2478 προβὰς
565 2389 726 2482 τρυφερόν
747 2415 780 2458 τι
803 2387 1056 2482 διαλακώκιοου.

239 2596 277 2660 In
292 2595 627 2684 Thesmophoriazusis
643 2600 789 2698 secundis
804 2601 890 2685 apud
901 2601 1099 2668 Athenaeum
1114 2601 1185 2666 XV.
1200 2622 1233 2686 p.
1248 2605 1323 2665 600.

239 2701 280 2767 D.
298 2712 383 2771 reete
398 2707 562 2774 Dobraeus
578 2707 722 2791 scripsit:

326 2894 448 2973 ὥΖεῦ
470 2897 676 2991 πολυτίμηθ’
700 2894 773 2986 οἷον
795 2897 969 2970 ἐπέπαυτ’
993 2900 1011 2972 ὃ
1032 2899 1163 2992 μιαρός.

325 3112 460 3191 Quarto,
479 3112 554 3178 siin
570 3132 611 3178 ea
623 3111 695 3197 ipsa
711 3113 851 3196 syllaba,
869 3132 951 3196 quae
965 3112 1069 3196 prima
1084 3113 1249 3196 anapaesti
1260 3118 1325 3192 est,

238 3221 346 3304 gravis
362 3239 494 3286 oaesura
508 3219 552 3284 fit.
586 3219 668 3284 Nam
685 3238 781 3302 quum
796 3219 875 3284 haee
890 3239 1022 3285 caesura
1037 3219 1144 3296 faeiat,
1165 3224 1199 3284 ut
1213 3225 1328 3302 quarta

239 3328 320 3395 arsis
339 3328 404 3392 iam
419 3348 481 3392 non
498 3329 539 3392 sit
559 3346 633 3413 pars
647 3325 867 3410 praecedentis
890 3327 1026 3404 ordiniS,
1053 3327 1109 3391 sed
1124 3327 1194 3410 ipsa
1210 3347 1326 3392 novum

239 3436 380 3502 ordinem
401 3435 551 3518 incipiat,
576 3442 719 3518 apertum
742 3440 792 3500 est
806 3435 958 3500 removeri
976 3433 1075 3513 illud,
1099 3435 1209 3518 inquo
1226 3434 1327 3500 offen-

239 3544 360 3609 sionem
376 3559 446 3608 esse
459 3541 651 3609 dicebamus.
678 3542 746 3607 Iam
759 3541 843 3607 enim
858 3563 922 3608 non
936 3542 970 3606 in
985 3542 1089 3606 medio
1101 3540 1210 3605 ordine
1225 3527 1328 3624 pansa

239 3651 290 3728 fit,
308 3651 365 3716 sed
379 3649 412 3714 in
428 3650 489 3714 flue
504 3649 624 3716 ordinis
633 3676 642 3728 3
667 3671 760 3733 quem
775 3649 891 3715 deinde
905 3648 986 3713 alius
1002 3647 1077 3713 ordo
1093 3647 1229 3731 exeipit,
1247 3669 1328 3713 ana-

239 3759 344 3824 orusin
367 3757 487 3823 habeus
513 3778 552 3823 ex
573 3757 748 3823 irrationali
769 3755 876 3833 brevi,
904 3755 979 3837 quia
1001 3754 1096 3820 etiam
1122 3753 1328 3840 praegressus

239 3867 314 3934 ordo
329 3865 503 3932 irrationali
518 3865 606 3932 brevi
628 3863 804 3932 finiebatur.
841 3861 909 3926 Hao
930 3861 1052 3927 ratione
1075 3861 1202 3928 defendi
1225 3869 1329 3946 potest

238 3975 298 4040 hoo
312 3974 345 4038 in
360 3973 476 4057 Vespis
490 3994 521 4038 v.
543 3974 636 4036 1369.

324 4185 390 4250 τῶν
413 4178 592 4264 ξυμποτῶν
615 4172 805 4264 κλέψαντας
830 4179 871 4248 Φ,
894 4169 999 4242 ποίαν
1022 4169 1224 4268 αὐλητρίδας
