2930 4962
252 332 293 393 50
656 349 712 394 ιιιι.
733 349 765 392 ιι.
793 349 856 394 ιιι.
874 349 933 392 rur.

255 503 317 570 Sed
337 521 399 566 non
418 501 569 583 probatur
590 503 623 563 in
642 502 780 564 secunda
801 503 943 564 brevium
965 501 1158 582 syllabarum
1178 503 1342 563 terminata

254 625 324 688 vox,
344 625 424 686 quae
439 607 471 666 in
487 604 645 684 dactylum
660 608 733 668 exit.
760 608 799 670 Vt
815 607 847 668 in
861 606 957 668 Plaut.
976 605 1061 670 Asin.
1082 607 1129 668 lV.
1151 609 1180 685 l,
1200 605 1251 667 26.

306 721 309 726 '
342 717 436 772 tecum
451 707 514 770 ιἰνιο
525 717 631 790 posteo
646 714 740 792 adque
751 709 864 791 poculo
874 711 988 792 pdtr'tet.

253 813 343 888 Quod
357 812 559 877 scribendum
576 815 674 896 poeto.

339 1018 454 1103 5155.
487 1022 521 1082 ln
541 1020 650 1082 eodem
670 1039 765 1084 versu
785 1040 848 1083 non
867 1030 1007 1100 curatur,
1031 1019 1295 1100 quemadmodum
1312 1021 1345 1082 in

255 1126 383 1206 tragico,
406 1135 442 1186 ut
457 1133 528 1186 ante
543 1125 683 1203 quintam
699 1125 781 1185 arsin
798 1124 984 1186 vocabulum
1000 1124 1197 1205 expluribus
1212 1123 1346 1200 syllabis

257 1229 346 1290 brevi
361 1226 481 1310 syllaba
497 1229 689 1289 terminetur.
715 1225 869 1309 Aristopb.
888 1225 1020 1290 Acharn.
1040 1229 1104 1290 init.

342 1324 406 1395 ὅσα
422 1323 462 1418 δὴ
479 1323 642 1415 δέδηγμαι
655 1323 714 1418 τὴν
729 1324 875 1411 ἐμαυτοῦ
888 1323 1040 1418 καρδίαν.

340 1537 364 1620 ᾗ
380 1533 456 1603 156.
488 1539 573 1612 Quae
589 1547 670 1601 mota
686 1547 733 1600 est
747 1539 901 1620 quaestio,
920 1559 977 1619 an,
1002 1541 1029 1601 si
1044 1550 1174 1622 quartus
1189 1559 1246 1624 pes
1261 1561 1348 1604 ana-

253 1651 381 1721 paestus
402 1651 465 1721 est,
495 1642 682 1706 vocabulum
705 1644 785 1704 liniri
811 1644 843 1704 in
865 1645 964 1722 prima
985 1642 1127 1708 brevium
1150 1644 1346 1726 syllabarum

254 1747 368 1826 possit,
394 1764 457 1806 non
479 1745 582 1806 minus
604 1745 645 1807 ad
666 1745 800 1826 reliquos
820 1745 916 1827 pedes
938 1749 1080 1826 pertinet.
1113 1744 1152 1808 Et
1167 1765 1265 1826 quum
1281 1767 1347 1810 non

255 1848 464 1911 dubitandum
480 1850 537 1927 sit,
564 1847 595 1910 id
616 1849 701 1930 quod
722 1849 863 1913 oblivisci
883 1851 1066 1933 plerumque
1088 1852 1206 1912 metrici
1229 1852 1342 1932 solent,

256 1955 331 2033 quin
343 1962 450 2032 poetae
466 1971 593 2014 sensum
606 1973 699 2016 suum
711 1962 804 2035 atque
819 1954 939 2016 aurium
957 1952 1104 2016 iudicium
1120 1955 1232 2036 potius,
1248 1971 1345 2036 quarn
1454 1957 1455 1960 ’

257 2056 388 2136 regulas,
408 2075 488 2138 quae
504 2055 631 2119 demum
646 2078 686 2120 ex
701 2059 838 2137 ipsorum
854 2058 1004 2140 exemplis
1019 2058 1149 2120 haustae
1164 2067 1247 2138 sunt,
1264 2078 1347 2120 oon-

255 2160 425 2222 suluerint:
456 2161 500 2221 sio
519 2161 718 2224 statuendum
740 2161 879 2241 videtur,
905 2159 1071 2222 indulsisse
1094 2180 1146 2222 eos
1168 2161 1228 2222 sibi
1252 2163 1347 2223 istam

256 2263 422 2326 verborum
438 2263 632 2345 divisionem,
656 2265 711 2328 ubi
726 2267 767 2328 ita
784 2273 958 2344 comparata
974 2272 1055 2326 esset
1070 2266 1173 2346 oratio,
1197 2274 1232 2326 ut
1246 2265 1347 2328 verba

255 2387 317 2430 non
344 2370 501 2450 potuerint
530 2388 592 2430 non
620 2371 653 2430 in
682 2367 910 2450 pronuntiando
940 2376 1023 2430 arete
1052 2370 1213 2450 coniungi,
1247 2377 1283 2431 ut
1315 2371 1348 2430 in

255 2471 336 2535 Nub.
358 2473 409 2535 tt.
864 2479 872 2494 ⁶

342 2567 455 2661 ὥσπερ
471 2570 681 2662 Μεγακλέης,
698 2566 822 2653 ξυστίδ’
840 2568 937 2656 ἔλων·
955 2570 1019 2660 ,ἐγὼ
1035 2564 1064 2636 δ’
1081 2566 1172 2661 ἔφην.

257 2679 363 2762 quue
378 2679 539 2742 referenda
555 2680 703 2743 videntur
717 2681 809 2744 etiarn
824 2681 907 2759 talia,
926 2681 1008 2741 utin
1023 2680 1149 2759 Lysistr.
1170 2677 1242 2740 768.

341 2776 387 2866 μὴ
404 2775 651 2864 στασιάσωμεν·
670 2775 742 2847 ἔστι
757 2774 787 2845 d’
803 2775 821 2847 ὃ
836 2777 982 2867 χρησμὸς
996 2773 1122 2876 οὗτοσλ.

257 2887 323 2949 Νοιι
338 2895 442 2948 autern
463 2887 586 2966 tulisse,
611 2887 667 2948 ubi
687 2885 737 2949 vel
758 2887 979 2967 interpunctio,
1004 2877 1194 2963 personaeve
1215 2887 1348 2947 mutatio

256 3007 386 3070 pausam
408 2989 440 3049 in
461 3007 497 3050 ea
517 2989 636 3070 syllaba
657 2991 723 3052 fieri
738 2991 921 3072 postularet,
949 2998 984 3050 ut
1002 2989 1034 3049 in
1050 2986 1106 3049 Αιι.
1128 2986 1220 3049 ⁴497.
1247 2989 1344 3070 Vesp.

259 3095 352 3155 t369.
956 3141 958 3145 .

344 3189 428 3276 ἐμοῦ
441 3187 586 3258 κατόπιν
601 3189 771 3276 λνταῦθας
784 3197 829 3262 Π.
844 3191 891 3278 μοὶ
909 3190 967 3263 τὸν
981 3184 1053 3273 At’,
1070 3186 1208 3277 ἐγὼμὲν
1223 3182 1290 3258 or'r‘.¹

343 3301 410 3362 τῶν
425 3295 603 3379 ξυμποτῶν
617 3295 809 3388 κλέψαντας
826 3303 867 3363 Φ.
884 3292 989 3376 ιιοίαν
1004 3288 1206 3382 αὐλητρίὄα;

258 3413 392 3484 quorum
413 3405 445 3465 iu
466 3403 561 3466 altero
576 3405 724 3468 articulus
740 3403 908 3485 delenduS,
934 3404 1012 3465 alter
1033 3412 1136 3464 autern
1152 3401 1348 3464 numerosior

257 3509 315 3569 erit
335 3508 361 3568 si
382 3501 440 3592 τὴν
464 3497 648 3592 αὐλητρίδα
670 3508 839 3588 scribatur;
866 3510 917 3571 vel
936 3507 1012 3569 nihil
1028 3515 1123 3585 esset,
1149 3505 1232 3586 quod
1248 3505 1346 3567 verba

258 3619 342 3674 arete
356 3611 497 3692 coniungi
511 3613 691 3694 postularet,
710 3615 793 3676 utin
808 3615 884 3675 Ran.
907 3610 999 3674 ⁴307.
1018 3610 1050 3671 in
1071 3611 1198 3690 Lysistr.
1219 3611 1291 3671 838.
1312 3611 1345 3670 in

258 3715 340 3776 Nub.
361 3719 411 3778 63.
776 3759 777 3764 κ

344 3811 430 3902 πρὸς
443 3811 547 3905 ἥνπερ
564 3811 739 3905 ἐπιτήδεια
753 3806 827 3881 τάδ’
845 3807 911 3880 ἔστ’
927 3804 1020 3902 ᾅδειν
1033 3810 1126 3903 μέλη.

345 3913 460 4006 ἔγωγε·
474 3910 590 3984 κῖλστιν
605 3913 711 4003 deiude
725 3911 807 4006 ἀνὴρ
821 3901 996 4004 Κινησίας.

344 4020 424 4110 περὶ
437 4015 643 4107 τούνόματος
659 4019 814 4090 ἐντεῦθεν
829 4014 1107 4108 ἐλοιδορούμεθα.

260 4127 439 4192 Cuiusmodi
454 4147 564 4192 versus
579 4148 641 4191 non
657 4128 787 4191 dubium
803 4126 942 4205 videtur,
965 4129 1043 4206 quin
1061 4129 1196 4205 corrupti
1211 4127 1344 4207 putandi

259 4234 331 4294 sint.
