2922 4948
244 285 308 350 242
638 301 694 344 uc.
715 301 759 343 ru.
794 300 856 343 cir.
875 299 945 344 xxti.

330 455 353 537 ὅ
368 451 446 519 662.
473 455 539 516 Non
554 455 701 516 ridentur
716 455 791 517 haec
806 467 921 518 temere
936 456 1092 531 instituta,
1113 451 1168 515 sed
1186 452 1332 516 credibile

246 571 310 640 est,
342 558 449 620 eadem
472 559 657 639 aequalitate
678 561 768 620 etiarn
798 560 945 623 stationes
966 559 1048 620 chori
1077 567 1278 637 actorumque
1304 560 1334 618 iu

246 665 399 726 orchestra
423 681 578 743 scenaque
602 663 722 743 disponi
745 665 848 728 solitas
866 663 972 726 fuisse.
1006 663 1113 724 Oculis
1134 663 1218 722 enim
1239 661 1334 723 multo

247 767 366 830 facilius
382 767 587 830 animadverti
601 767 677 828 haec
692 769 862 848 aequalitas
878 775 993 848 potest,
1017 786 1111 847 quam
1128 765 1259 828 auribus
1275 785 1334 826 no-

247 872 321 932 tari:
347 882 382 935 ut
403 873 462 933 nisi
484 870 644 952 spectandi
666 889 775 934 caussa
800 891 878 952 opus
894 891 930 932 ea
951 869 1106 950 diligentia
1124 869 1249 948 luisset,
1275 889 1333 930 nou

247 975 390 1037 videatur
404 975 550 1038 audiendi
566 993 676 1038 caussa
692 995 760 1038 esse
776 978 912 1038 inventa.

640 1289 948 1298 ...η-...Μ

662 1517 776 1607 chr.
794 1539 926 1608 xxn.

498 1709 557 1777 De
584 1707 855 1802 carminibus
883 1707 1084 1777 choricis.

335 1891 452 1976 5663.
479 1897 665 1976 Praecipuus
678 1906 724 1958 est
739 1896 1027 1977 antistrophicorum
1044 1911 1121 1956 usus
1137 1895 1169 1954 in
1188 1895 1335 1956 carmini-

249 2001 311 2062 bus
326 2001 462 2079 choricis.
497 2000 558 2062 Sed
574 2001 649 2062 baec
671 2002 806 2062 carmina
828 1998 1091 2079 quemadmodum
1113 2001 1193 2060 inter
1216 2017 1250 2059 se
1272 1999 1333 2080 ipsa

251 2094 417 2184 dili'erunt,'
439 2107 479 2166 ita
496 2105 605 2183 etiam,
632 2103 716 2184 quod
730 2104 770 2165 ad
786 2105 935 2165 rationem
950 2103 1201 2183 antistrophicom
1218 2105 1331 2178 attinet,

250 2207 364 2286 aliquid
378 2207 563 2269 diversitatis
576 2207 699 2270 habent.
722 2210 820 2270 Primo
828 2207 990 2270 videamus
1002 2206 1042 2268 de
1057 2207 1095 2268 iis
1107 2207 1245 2288 canticis,
1257 2226 1333 2288 quae

250 2312 291 2372 ah
306 2313 370 2375 solo
386 2311 478 2374 choro
494 2319 657 2374 canuntur.

335 2533 453 2618 5664.
479 2527 513 2598 lu
536 2536 689 2618 tragoedia
711 2537 880 2616 longiorum
903 2536 987 2600 chori
1007 2538 1178 2600 carminum
1198 2535 1261 2599 duo
1281 2555 1334 2616 gc-

253 2661 326 2702 nera
363 2650 656 2722 commemorantur,
696 2639 865 2722 parodus
895 2649 926 2702 et
956 2643 1173 2702 stasimum.
1217 2640 1335 2702 Aristo-

259 2747 336 2807 teles
351 2744 477 2826 quidem
490 2746 588 2807 Poetl
599 2745 628 2824 23
641 2745 668 2805 7.
688 2744 841 2824 parodu
851 2763 882 2804 m
898 2744 970 2806 dicit
985 2745 1116 2826 primam
1131 2745 1334 2806 recitationem

255 2851 348 2910 totius
363 2851 446 2911 chori
462 2867 546 2910 esse:
566 2849 772 2911 stasimum
789 2858 892 2908 autem
909 2851 1061 2910 canticum
1078 2849 1162 2910 chori
1176 2850 1245 2910 siue
1260 2869 1335 2911 aua-

254 2954 369 3032 paestis
399 2962 429 3013 et
458 2952 616 3013 trochaeis
663 2951 848 3013 Scholiastes
879 2954 1024 3014 metricus
1050 2951 1206 3033 Euripidis
1237 2962 1335 3014 aulem

252 3055 292 3116 ad
314 3056 424 3115 Phoen.
445 3056 519 3116 att.
545 3054 595 3116 ed.
623 3055 726 3116 Volcis.
760 3057 969 3118 stasimum
1000 3057 1101 3117 vocari
1131 3058 1173 3118 ait
1202 3075 1333 3135 carmen,

253 3158 336 3237 quod
353 3159 464 3220 chorus
482 3167 553 3239 post
567 3159 718 3239 paredum
742 3155 887 3220 immotus
910 3169 996 3221 stans
1020 3170 1124 3238 cauat;
1150 3160 1335 3241 parodurn

252 3273 355 3323 autem
375 3265 539 3356 cauticum,
555 3262 638 3343 quod
656 3264 777 3344 chorus,
793 3261 869 3326 dum
885 3264 916 3324 in
932 3265 1119 3326 orchestram
1136 3263 1332 3344 ingrediatur,

252 3377 351 3428 canat.

337 3569 440 3654 §665
463 3549 728 3660 Hdoodogquum
737 3576 993 3655 etingressionem
1003 3577 1085 3638 chori
1099 3577 1130 3638 in
1139 3575 1332 3654 orchestram,

253 3686 284 3737 et
299 3663 333 3738 ea
350 3679 512 3760 significet,
531 3699 612 3760 quae
627 3681 739 3742 chorus
755 3679 942 3741 orchestram
954 3681 1003 3741 vel
1020 3679 1195 3760 ingrediens
1208 3679 1258 3742 vel
1273 3681 1336 3760 pri-

255 3801 338 3844 mum
364 3782 522 3862 ingressus
544 3786 626 3845 canit
648 3784 698 3845 vel
719 3785 842 3864 recitat,
869 3803 941 3845 vera
956 3783 1080 3846 videtur
1094 3781 1265 3846 Aristotelis
1281 3783 1336 3844 de-

254 3887 350 3947 linitio
372 3904 458 3967 esse,
486 3889 511 3948 si
533 3887 684 3969 paredum
708 3887 747 3948 de
762 3889 816 3969 iis,
843 3906 923 3968 quae
939 3898 1109 3968 canuntur,
1128 3886 1332 3969 intelligimus.

185 4005 193 4018 ·
253 3992 359 4070 ltaque
375 3991 424 4052 hic
439 3991 562 4073 parod
573 4012 594 4053 u
605 4011 635 4052 m
651 3991 725 4052 dicit
740 3983 904 4071 cauticum,
920 3991 1004 4071 quod
1020 3993 1154 4072 primum
1170 3993 1336 4074 inpragoe-

253 4093 302 4155 dia
319 4095 430 4156 chonrs
446 4096 494 4158 vel
511 4104 593 4158 totus
609 4105 714 4178 canat,
733 4097 782 4158 vel
799 4098 830 4158 in
847 4105 949 4176 partes
965 4095 1102 4175 divisuS‚
1122 4104 1157 4156 ut
1173 4097 1203 4156 in
1219 4098 1331 4158 Oreste.

252 4199 328 4259 Nam
351 4219 367 4259 a
391 4194 524 4280 paredo,
557 4202 614 4261 hac
637 4201 762 4282 quidem
794 4201 1028 4280 significatione,
1061 4198 1242 4280 segregandi
1269 4209 1336 4261 sunt
