2930 4962
444 406 480 447 llll
497 404 623 450 nunnus
639 403 746 448 Paulli!
762 403 929 448 Turonum

585 650 699 722 oAP.
718 651 792 720 111.

306 801 365 872 Dc
392 802 589 872 numeris
616 802 785 894 parium
813 811 1068 894 temporum.

228 971 254 1052 ξ
271 967 346 1034 108.
374 972 594 1050 Inveniuntur,
620 970 676 1036 sed
692 990 777 1052 raro,
803 972 924 1034 numeri
939 991 978 1032 ex
993 970 1067 1034 solis
1083 972 1232 1034 brevibus

140 1077 194 1137 vel
210 1075 285 1136 solis
300 1074 397 1154 longis
410 1074 600 1154 temporibus
615 1075 784 1156 compositi,
803 1075 936 1136 maxime
952 1083 1055 1135 autcm
1071 1095 1110 1136 er
1121 1075 1233 1136 brevi-

140 1179 213 1240 bus.
249 1177 310 1239 Sed
325 1177 472 1240 videntur
487 1179 627 1258 plerique
647 1178 755 1240 saltem
778 1179 888 1240 horum
907 1196 1106 1239 numerorum
1122 1199 1160 1240 ex
1176 1199 1233 1240 so·-

140 1282 314 1346 lutionibus
340 1282 391 1344 vel
419 1281 679 1344 contractionibus
706 1301 907 1345 numerorum
937 1282 1064 1361 imparia
1095 1289 1231 1360 tempora

138 1385 324 1447 habentium
348 1386 404 1447 orti
427 1404 513 1446 esse:
540 1387 581 1446 ita
603 1395 721 1448 utnon
744 1387 863 1465 possint
878 1395 979 1446 certae
995 1404 1100 1446 eorum
1117 1383 1232 1446 iormaa

141 1491 306 1569 constitui,
333 1509 413 1570 quae
429 1507 491 1550 non
506 1488 633 1550 eaedem
650 1491 729 1568 sint,
749 1499 842 1569 atque
857 1489 944 1567 illae,
971 1507 1051 1567 quae
1067 1490 1230 1570 imparium

142 1603 316 1674 temporum
333 1579 471 1655 numeris
486 1593 709 1655 contineantur.

231 1815 256 1898 9
273 1814 348 1881 109.
375 1817 607 1881 attendendum
624 1819 655 1878 in
672 1816 720 1878 his
737 1819 875 1879 numeris
890 1817 1137 1880 acl-commodam
1153 1835 1231 1897 pro-

142 1909 383 2000 nuntiationem,
408 1941 447 1982 ex
469 1941 530 2001 qua
552 1919 640 1981 lacile
662 1921 847 2001 plerumque
869 1921 1036 2004 colligitur,
1062 1932 1166 1984 utrum
1191 1921 1231 1984 ad

147 2024 318 2102 trochaeos,
349 2043 387 2084 an
415 2023 455 2085 ad
481 2023 614 2102 iambos,
645 2041 684 2084 an
712 2023 753 2085 ad
779 2035 975 2104 anapaestos,
1005 2046 1044 2086 an
1069 2025 1109 2086 ad
1131 2025 1231 2087 doch-

149 2126 273 2208 miacae,
299 2129 330 2188 in
346 2146 408 2208 qno
423 2145 536 2206 genere
553 2126 751 2190 usitatissima
774 2136 821 2188 est
843 2129 1002 2208 longarum
1020 2129 1158 2190 omnium
1174 2148 1231 2192 so-

145 2229 234 2310 lutio,
253 2233 436 2309 pertincant.
472 2231 628 2292 Trochaici
649 2233 769 2310 generis
789 2231 966 2313 exemplum
988 2241 1036 2294 cst
1050 2251 1100 2312 ap.
1119 2231 1226 2315 Enrip.

139 2333 205 2414 lph.
226 2336 260 2394 T.
283 2334 354 2396 ⁴98.

227 2446 332 2540 φόνος
346 2449 404 2518 ἐπὶ
420 2449 525 2542 φόνῳ,
542 2445 625 2536 dixeri
640 2454 665 2518 τ’
683 2445 805 2538 ἄχεσιν.

137 2575 266 2636 lambini
282 2577 313 2636 in
328 2574 437 2638 Aesch.
457 2578 553 2639 Prom.
575 2582 646 2640 903.

226 2686 405 2779 ἀπόλεμος
418 2689 476 2758 ὅδε
491 2687 519 2781 y'
538 2690 554 2758 ἶ
573 2691 731 2778 πόλεμος,
749 2687 863 2776 ὄὶπορα
879 2691 1032 2781 πόριμος.

138 2817 335 2898 Αοοροοεῐίοἰ
352 2817 436 2898 apud
451 2819 705 2906 Hephaestionem
721 2840 752 2900 p.
766 2822 806 2881 27
827 2819 902 2902 (48).

226 2931 280 3012 τίς
294 2927 374 3022 ὄρεα
388 2933 571 3019 βαθύκομα
586 2931 660 3002 τάδ’
677 2935 820 3003 ἐπέσυτο
835 2942 974 3024 βροτῶν.

139 3059 314 3120 Dochmiaci
331 3057 415 3140 apud
431 3061 611 3140 Sophoclem
627 3060 704 3124 Oed.
724 3063 759 3122 a.
782 3064 874 3124 l3l3.

225 3174 327 3266 νέφος
341 3173 421 3260 ἐμὸν
436 3171 634 3266 ἀπότροπον
648 3175 874 3262 ἐπιπλόμενον
888 3172 1029 3269 ὄῖφοτον.

224 3407 343 3488 §titt
369 3404 534 3488 Spondiaci
563 3409 684 3468 numeri
707 3407 770 3468 lere
793 3407 832 3470 ad
854 3415 1036 3488 anapaestos
1058 3409 1223 3489 pertinent.

141 3513 290 3574 Molossici
311 3513 447 3574 inusitati
471 3520 559 3590 sunt,
586 3510 658 3572 licat
680 3513 944 3572 commemoratio
968 3512 1060 3572 llario
1075 3512 1227 3572 Victorino

141 3634 170 3693 p.
192 3619 286 3678 2545.
306 3635 371 3696 seq.
391 3617 446 3695 qui
461 3616 518 3675 hoc
533 3614 710 3693 exemplum
726 3617 830 3693 ponit:

227 3739 265 3798 ite
280 3757 296 3796 ο
313 3738 445 3818 Spartae
458 3739 608 3816 primores
623 3734 723 3813 sauata
736 3753 817 3796 nunc
831 3754 944 3815 porcus
959 3737 1108 3800 ducentes.

528 4045 838 4056 .-.-.-—-—-.-
