2930 4962
581 360 618 402 DE
634 359 800 402 ORDIMBVS.

576 533 690 604 off.
708 535 783 606 111.

512 669 571 740 De
598 667 844 742 ordinibus.

221 820 316 903 517.
354 824 509 886 Numerus
530 832 586 886 ant
606 822 746 885 infinitus
768 831 832 902 est,
863 823 916 904 qui
939 831 1021 886 totus
1044 843 1084 886 ex
1106 823 1226 886 thetiois

134 927 328 1009 temporibus
350 935 483 1006 constat,
509 927 611 1006 qualis
632 945 782 990 numerus
804 927 877 1007 quia
897 927 1045 988 varietate
1065 937 1166 1006 caret,
1194 929 1226 989 in

134 1031 272 1110 artibus,
306 1049 387 1112 quae
413 1031 551 1094 numeris
577 1037 725 1109 utuntur,
755 1030 877 1093 nrdlum
906 1029 1002 1092 babet
1026 1049 1137 1108 usum3
1171 1041 1227 1094 aut

135 1137 319 1215 liniasset,
346 1134 447 1216 qualis
462 1142 525 1212 ost,
551 1136 606 1215 qui
621 1134 704 1197 arsin
720 1133 824 1196 babet.
858 1131 1040 1198 Huiusmodi
1059 1152 1225 1197 numerum

133 1239 320 1302 ordinem
342 1255 499 1302 vocamus.

221 1445 245 1526 ὅ
262 1442 315 1510 18.
350 1444 482 1508 Ordines
497 1453 552 1508 aut
566 1442 777 1526 simplices
792 1451 875 1525 sunt,
898 1445 952 1525 qui
967 1453 1022 1508 aut
1036 1446 1068 1508 in
1083 1445 1147 1508 sola
1162 1447 1223 1508 arsi

138 1551 319 1630 consistunt,
341 1558 377 1612 ut

222 1656 249 1700 Ψ

251 1701 259 1731 ι

135 1767 191 1822 aut
204 1776 245 1820 ex
260 1757 323 1818 arsi
338 1762 371 1818 et
384 1755 464 1818 thesi
479 1761 631 1833 constant,
650 1763 686 1818 ut

222 1863 285 1938 ω’
354 1861 443 1938 Μ)

82 2049 86 2056 v
137 1967 188 2028 alii
209 1963 414 2044 periodici‚
440 1962 494 2044 qui
516 1981 555 2024 ex
577 1959 720 2040 pluribus
735 1957 896 2024 ordinibus
913 1979 975 2024 uno
990 1981 1118 2026 numero
1134 1983 1223 2026 eom-
1326 1999 1336 2016 ,

140 2068 311 2148 prehensis,
338 2068 357 2128 i.
377 2086 404 2127 e.
423 2085 463 2128 ex
479 2084 541 2128 una
564 2065 721 2126 communi
741 2082 851 2126 caussa
873 2065 947 2127 ortis
962 2067 1119 2147 compositi
1135 2077 1218 2130 sunt.

139 2173 213 2234 Nam
232 2182 267 2235 ιιι
289 2170 480 2252 singulorum
496 2177 670 2249 temporum
685 2167 896 2246 successione,
911 2169 964 2234 ¹ita
985 2170 1077 2232 otiam
1092 2189 1223 2234 sueces-

134 2276 219 2338 sione
241 2277 432 2355 integrorum
454 2270 598 2334 ordinum
621 2271 717 2334 series
740 2288 921 2332 caussarum
940 2280 1034 2353 atque
1056 2274 1221 2336 effectuum

131 2379 359 2462 repraesentari
380 2385 495 2457 potest,
521 2383 644 2438 servata
665 2375 732 2455 lege
754 2375 962 2456 aequalitatis,
988 2387 1038 2456 ut,
1064 2377 1222 2458 quemad-

132 2484 261 2548 modum
284 2484 316 2544 in
339 2479 532 2561 simplicibus
552 2477 713 2544 ordinibus
734 2479 855 2559 singula
876 2487 1028 2560 tempora,
1053 2481 1145 2544 sicin
1160 2501 1232 2562 pe-·

129 2587 254 2652 riodicis
269 2584 393 2649 ordines
408 2582 521 2664 singuli
537 2581 597 2644 sibi
612 2601 702 2662 pares
718 2583 790 2662 sint,
809 2590 844 2645 ut

217 2676 272 2736 bo
293 2691 354 2768 co,
424 2690 502 2736 ow
523 2688 610 2746 mae,

217 2898 243 2979 ὃ
260 2893 314 2961 19.
347 2893 463 2958 Eodem
483 2893 589 2974 modo,
616 2902 652 2956 ut
671 2894 748 2956 arsis
771 2913 789 2954 a
809 2891 888 2954 thesi
910 2895 1016 2956 maiori
1032 2896 1063 2956 vi
1078 2915 1220 2958 caussam

129 3003 306 3066 absolutam
322 2998 476 3062 indicante
493 2997 708 3077 distinguitur,
735 2998 826 3058 etiarn
842 2997 939 3076 prima
956 2995 1098 3060 ordinum
1114 3001 1220 3080 perio-

131 3105 273 3168 dicorum
284 3105 372 3184 arsis,
383 3112 420 3165 ut
430 3121 510 3183 quae
522 3119 665 3164 caussam
676 3099 851 3162 absolutam
863 3101 1092 3182 insequentium
1104 3105 1219 3166 arsium

130 3211 301 3288 contineat,
321 3205 426 3268 fortior
441 3205 501 3268 illis
516 3213 572 3266 est.
606 3203 683 3264 Nam
699 3223 841 3285 quaeque
857 3206 1087 3285 insequentium
1102 3208 1218 3269 assium

55 3339 56 3342 ¹
130 3313 274 3375 absoluta
290 3320 347 3391 est,
367 3308 451 3388 quod
465 3305 575 3370 attinet
589 3306 629 3369 ed
644 3326 715 3369 eum
732 3307 881 3388 ordinem,
900 3327 991 3370 eosve
1007 3309 1140 3388 ordines,
1165 3312 1219 3390 qui

130 3436 171 3478 ex
186 3417 251 3497 ipsa
269 3422 454 3488 nascuntur;
481 3429 544 3472 non
559 3409 716 3490 absoluta,
744 3408 827 3490 quod
848 3411 956 3474 attinet
970 3411 1011 3474 ad
1025 3412 1220 3493 praeceden-

131 3531 193 3581 tem
210 3519 304 3598 arsin,
323 3519 412 3580 cuius
427 3517 494 3596 ipsa
510 3515 637 3576 effectus
652 3523 708 3576 est.

218 3722 311 3806 520.
345 3725 423 3787 ilinc
443 3724 493 3802 fit,
519 3731 555 3785 ut
575 3722 653 3783 arsis
674 3722 706 3783 in
729 3741 765 3784 eo
787 3707 909 3802 ordine,
935 3725 1023 3787 euius
1044 3725 1111 3804 ipsa
1125 3724 1219 3804 prin-

132 3832 246 3910 cipium
269 3838 332 3908 est,
358 3837 477 3891 mutare
498 3825 616 3906 aliquid
638 3827 749 3905 possit,
775 3827 864 3908 isque
885 3826 974 3907 ordo,
1002 3836 1156 3908 quatenus
1178 3827 1218 3889 ab

134 3953 190 3996 sua
211 3935 272 3995 arsi
299 3931 431 4012 pendet,
460 3939 624 4009 exemptus
650 3931 690 3992 sit
716 3930 782 4011 lege
806 3929 856 3992 illa
883 3931 1084 4011 aequalitatis.
1120 3932 1220 3992 Potest

135 4045 237 4098 autem
259 4036 402 4098 cohibere
424 4054 458 4098 se
480 4036 528 4096 vis
550 4034 616 4113 illa,
646 4033 818 4097 cuiusmodi
839 4033 963 4098 ordines
984 4035 1239 4098 imminutos.

137 4159 296 4218 vocamus3
317 4149 352 4202 ut

219 4245 332 4322 owe,
408 4245 546 4322 coorto,
