2930 4962
255 357 274 419 8
673 371 729 413 cm.
750 372 770 413 1.
797 369 858 412 cnr.
879 370 923 413 m.

243 531 292 590 'ex
313 545 376 608 quo
391 511 502 606 genere
523 531 612 604 sunt,
637 525 692 605 qui
713 523 878 586 catalectici
898 523 1019 584 numeri
1040 531 1071 583 et
1090 519 1253 602 logaoedioi
1275 540 1336 602 ap-

252 630 416 711 pellantur.
450 629 484 688 in
505 628 648 708 hisquae
664 629 741 691 arsis
757 635 857 689 mutat
877 624 1020 689 ordinum
1036 624 1254 705 conditionem,
1279 625 1336 686 etsi

251 753 314 796 non
335 731 441 793 fortior
460 739 508 794 est
522 732 620 812 prima
636 732 713 809 arsi,
737 750 795 792 neo
808 739 910 810 potest
925 729 1030 792 iortior
1044 748 1128 809 esse,
1153 738 1188 791 ut
1203 746 1283 807 quae
1298 747 1336 790 ex

251 838 303 900 illa
318 845 389 898 nata
405 835 459 914 sit,
486 842 590 896 tamen
605 854 644 896 ne
659 833 803 896 cohibere
817 832 943 914 quidem
959 853 1027 896 sese
1048 842 1169 915 posset,
1195 831 1254 894 nisi
1275 850 1336 912 pe-

252 939 359 1002 culiari
375 936 510 1019 quodam
526 940 641 1002 renisu.
676 939 767 1017 Hinc,
783 939 847 1018 qui
868 935 1029 1018 diligenter
1044 935 1222 1015 attenderit,
1249 935 1336 996 iacile

252 1041 383 1120 videbit,
410 1041 467 1102 etsi
488 1041 743 1120 consortiorum,
770 1049 801 1102 at
821 1041 967 1120 singulari
990 1050 1092 1102 tamen
1113 1041 1143 1101 vi
1164 1037 1337 1120 praeditam

252 1165 320 1208 esse
342 1145 425 1208 arsin
448 1142 592 1206 ordinum
614 1144 837 1224 periodicorum
859 1163 943 1224 eam,
969 1163 1050 1225 quae
1072 1151 1171 1206 mutat
1193 1141 1336 1204 ordinum

187 1272 190 1275 ’
250 1238 467 1327 conditionem,
486 1256 522 1312 ut
535 1257 723 1329 postremam
738 1250 821 1311 arsin
836 1249 869 1310 in
882 1249 931 1312 his
947 1248 1095 1326 numeris,

338 1350 518 1431 ζων-νώ,
587 1351 794 1433 Leo-vox,

252 1466 283 1520 et
297 1457 418 1519 tertiam
434 1456 467 1516 in
481 1455 539 1516 hoc

301 1607 303 1609 ,
337 1557 587 1620 soe-mm,

338 1785 362 1866 ἦ
378 1783 430 1849 21.
456 1784 557 1845 Potest
572 1801 645 1844 vero
659 1783 751 1844 etiam
767 1784 936 1844 increscere
948 1782 996 1841 vis
1010 1799 1114 1842 arseos
1130 1781 1161 1840 in
1175 1778 1339 1841 ordinibus

254 1888 432 1971 periodiois:
458 1885 515 1948 sed
530 1887 588 1947 hoc
603 1905 700 1966 quum
716 1887 764 1965 fit,
791 1905 827 1947 ea
842 1887 935 1966 arsis,
959 1903 1039 1964 quac
1061 1884 1166 1945 fortior
1180 1891 1228 1944 est
1241 1902 1338 1962 prae-

254 1992 399 2071 cedente,
429 1991 636 2069 maioremque
656 2009 696 2050 ex
718 2009 751 2052 se
773 1989 911 2053 ordinem
934 1997 1088 2068 procreet,
1115 1987 1190 2048 nihil
1210 1979 1258 2047 est
1281 1986 1339 2048 nisi

218 2143 220 2146 -
253 2115 334 2159 nova
350 2105 381 2156 et
395 2114 456 2156 non
472 2113 511 2154 ex
525 2112 705 2174 praegressa
719 2095 780 2154 arsi
795 2102 868 2155 nata
884 2111 992 2154 caussa
1016 2090 1174 2168 absoluta,
1200 2089 1338 2152 incidens

253 2202 285 2262 in
301 2201 384 2261 arsin
399 2197 611 2260 secundariam
627 2197 798 2278 praegressi
814 2193 1023 2272 ordinis;'hoo
1038 2193 1144 2256 modo:

340 2303 417 2348 Μ

393 2406 471 2451 &W
480 2425 486 2438 .

251 2510 370 2592 quibus
386 2508 547 2571 ordinibus
562 2507 731 2569 coniunctis
747 2525 896 2569 numems
911 2506 1048 2568 nascitur
1063 2505 1124 2584 hic,

341 2615 470 2660 ψαύω

254 2736 347 2798 quem
370 2723 499 2796 apparet
520 2733 583 2776 non
606 2733 696 2795 posse
718 2712 861 2795 proferri,
891 2715 950 2776 nisi
976 2714 1084 2776 fortius
1111 2730 1259 2793 expressa
1285 2731 1340 2772 se-

255 2818 355 2882 cunda
381 2821 459 2899 arsi,
489 2827 525 2880 ut
550 2837 630 2898 quac
656 2836 717 2879 non
743 2819 879 2879 situata
905 2836 945 2879 ex
970 2837 1021 2897 ea,
1054 2836 1134 2898 quae
1160 2833 1339 2896 praegressa

256 2933 318 2986 est:
338 2941 367 2984 v.
386 2942 413 2983 o.

342 3059 403 3104 rece
420 3041 553 3123 Olympio
569 3041 715 3104 caelicola
779 3038 1002 3087 έυ-ὐυ-ὐυυ

257 3162 340 3244 quod
355 3171 458 3224 contra
479 3162 610 3223 inversis
633 3161 793 3225 ordinibus
815 3162 964 3225 decrescit
978 3163 1024 3224 vis
1044 3162 1160 3224 arsium
1180 3169 1211 3222 et
1232 3161 1339 3220 immi-

255 3268 372 3345 nuitur,
391 3275 427 3328 ut
441 3285 480 3328 ex
495 3285 558 3328 una
574 3267 636 3328 arsi
651 3276 810 3329 natarum:
1315 3259 1320 3272 ’

339 3384 454 3469 pinifer
471 3387 613 3468 Olympus
628 3395 656 3449 ct
673 3387 761 3450 Ossa.
789 3370 795 3382 ¹
829 3384 1049 3432 lxm-vm

258 3510 318 3568 Hos
333 3506 456 3570 ordines
471 3506 657 3588 periodicos,
678 3509 711 3568 in
727 3507 841 3587 quibus
857 3527 936 3570 nova
952 3509 1029 3570 arsis
1044 3507 1176 3586 accedit,
1196 3523 1339 3570 numeros

256 3619 449 3673 concretos
464 3629 628 3673 vocamus:
648 3610 817 3690 dequibus
833 3611 895 3674 vid.
911 3612 1008 3674 Elem.
1026 3610 1056 3672 d.
1073 3631 1114 3672 m.
1129 3629 1161 3690 p.
1176 3613 1234 3672 bil
1249 3627 1335 3688 seqq.

342 3831 435 3915 §22
473 3835 620 3898 Notamus
646 3843 750 3897 autem
776 3837 808 3896 in
835 3834 994 3898 ordinibus
1017 3834 1180 3918 periodiois
1204 3835 1257 3914 iis,
1287 3831 1339 3911 qui

154 3954 158 3962 ’
256 3941 401 4020 aequales
417 3940 466 4000 vel
482 3939 660 4001 imminutos
674 3937 798 4002 ordines
813 3939 945 4020 habent,
971 3941 1102 4018 prinum
1122 3949 1242 4003 tentum
1257 3936 1338 3998 arsin

257 4045 335 4105 ictu:
365 4044 396 4104 in
418 4043 565 4104 concretis
587 4051 690 4105 autem
714 4043 805 4104 etiam
825 4061 936 4105 novem
958 4043 1040 4104 iliam
1064 4045 1157 4106 arsin.
1195 4044 1337 4106 Ceterum

258 4143 486 4208 observandum
497 4133 560 4225 est,
579 4145 814 4228 descriptionem
829 4148 951 4208 numeri
966 4146 1069 4226 talem,

342 4247 392 4297 Lu
413 4247 488 4298 Lw
508 4247 608 4297 qu
