2922 4948
577 339 614 380 nn
630 338 776 381 siniensi.
1159 321 1218 384 241

223 487 339 571 5657.
367 483 519 575 Σιροφή,
537 510 617 570 quae
632 494 723 551 ctiam
740 480 809 574 cidi>
826 489 952 569 dicitur,
972 493 1071 553 cantio
1086 500 1134 555 est
1148 512 1225 555 ver-

137 593 228 655 sibus
240 595 356 656 melicis
372 595 493 674 scripta‚
514 595 573 673 cui,
593 593 647 656 ubi
664 586 830 677 ἓπίῤῥημοι
842 594 1002 656 recitatum
1015 603 1072 674 est,
1092 613 1226 677 respon-

136 694 190 758 det
204 695 314 758 iisdem
332 699 437 759 metris
453 687 685 782 άντίσιροφος,
702 715 782 778 quae
797 699 888 758 etiam
905 685 1035 783 άντῳάὴ
1051 709 1186 762 vocatur.

224 904 249 986 ξ
263 901 341 971 658.
366 895 549 991 Ἐπίρῤημα
566 913 705 966 constare
726 905 803 965 solet
819 925 859 966 ex
874 903 1018 968 versibus
1040 910 1224 970 tetrametris

136 1009 316 1088 trochaicis,
339 1029 417 1090 quos
433 1009 643 1090 coryphaeuS,
669 1007 725 1070 ubi
739 1009 863 1089 stropha
880 1018 999 1070 cantata
1015 1018 1079 1089 est,
1106 1013 1220 1073 recitat.

137 1114 216 1176 Huic
230 1112 352 1192 deinde,
371 1123 535 1194 postquam
551 1122 670 1176 cantata
687 1121 734 1173 est
749 1113 948 1192 antistropha,
967 1111 1135 1193 respondet
1150 1116 1226 1175 toti-

137 1216 209 1277 dem
226 1217 370 1280 versihus
386 1217 525 1281 eiusdem
541 1218 630 1280 metri
646 1205 882 1301 άντειιίῤῥημα.

225 1424 249 1506 ξ
262 1421 340 1489 659.
367 1427 473 1504 Magna
490 1426 520 1486 iu
533 1424 718 1505 parabaseos
733 1441 794 1485 usu
808 1424 938 1486 varietas
951 1426 1111 1506 reperitur.
1138 1423 1224 1486 Aliae

138 1531 220 1591 enim
234 1528 409 1592 comoediae
419 1529 535 1592 nullam
548 1528 672 1606 hahent,
690 1537 723 1590 ut
734 1527 964 1590 Ecclesiazusae
975 1537 1006 1590 et
1017 1529 1133 1610 Plutus,
1149 1530 1225 1590 aliae

139 1632 229 1714 duaS,
248 1643 283 1696 ut
299 1632 414 1712 Nubes,
433 1633 571 1712 Equites,
591 1633 661 1693 Pax.

224 1837 338 1923 9660.
357 1842 418 1903 Nec
430 1859 553 1922 semper
563 1842 680 1920 integra
689 1839 848 1921 parabasis
856 1850 913 1902 est.
939 1840 1225 1920 Integraeexempla

138 1956 213 2010 sunt
235 1948 266 2007 iu
282 1945 426 2008 Nubibus
448 1963 466 2004 a
481 1964 511 2006 v.
533 1946 605 2005 tlt).
625 1944 656 2004 in
671 1943 775 2024 Equit.
798 1962 814 2004 a
831 1963 862 2005 v.
884 1945 954 2004 498.
974 1944 1005 2003 in
1021 1940 1142 2004 Avibus
1158 1963 1175 2004 a
1191 1963 1222 2005 v.

139 2049 212 2112 676.
239 2049 271 2110 in
286 2049 395 2128 Vespis
417 2068 479 2110 av.
502 2049 593 2110 4009.
619 2048 650 2108 in
665 2045 798 2108 Acham.
823 2065 840 2108 a
863 2066 893 2108 v.
914 2048 986 2110 627.
1014 2049 1088 2106 Tres
1109 2047 1227 2126 priores

135 2163 251 2234 partes,
267 2146 464 2234 κομμάτιον,
480 2145 685 2236 παράβασις,
699 2144 837 2235 μακρόν,
851 2149 966 2212 desunt
978 2151 1092 2211 inllan.
1108 2169 1139 2212 v.
1151 2152 1223 2212 674.

137 2258 195 2338 Eq.
219 2255 311 2318 titt.
332 2258 400 2320 Pac.
422 2255 514 2320 usi.
542 2258 627 2329 Quae
643 2256 674 2317 in
687 2254 871 2334 Thesmoph.
892 2273 955 2314 av.
976 2254 1048 2314 785.
1067 2262 1116 2315 est
1130 2273 1228 2334 para-

137 2361 233 2441 basis,
250 2369 312 2423 tres
324 2371 444 2424 tautum
452 2369 556 2443 partes
565 2359 666 2438 habet,
683 2354 883 2441 παράβασιν,
898 2348 1036 2438 μακρόν,
1050 2348 1226 2442 ἒπίῤῥημα.

138 2467 224 2539 Quae
251 2467 282 2525 in
297 2466 378 2527 'Pace
404 2485 421 2526 a
449 2485 479 2526 v.
503 2465 575 2524 729.
607 2463 762 2544 quinque,
791 2452 995 2541 κομμάτιον,
1022 2453 1227 2543 παράβασιν,

136 2565 275 2654 μακράν,
293 2566 448 2656 στροφὴν,
468 2557 696 2652 ἀντίστροφον.
727 2567 812 2638 Quae
835 2566 866 2625 in
883 2559 1025 2626 Nubibus
1045 2582 1109 2624 av.
1131 2565 1224 2625 4445.

136 2695 234 2738 unam
250 2684 381 2754 tantum,
401 2661 603 2756 παράβασιν.

225 2880 338 2964 ξ664.
366 2884 465 2961 Saepe
474 2898 548 2942 vero
556 2878 647 2939 etiam
659 2876 737 2938 aliae
745 2884 848 2955 partes
861 2873 1099 2954 comoediarum,
1111 2893 1228 2955 eaeque

138 2987 298 3050 interdum
313 2987 524 3066 longissimae,
544 2981 690 3060 similem,
710 2989 745 3042 ut
759 2979 936 3061 parabases,
957 2978 1227 3040 conformationem

139 3091 273 3170 hahent,
299 3086 560 3172 respondentibus
582 3084 640 3147 sibi
661 3084 790 3164 singulis
812 3083 962 3164 partibus.
996 3083 1039 3143 lta
1060 3083 1092 3143 in
1107 3079 1227 3143 Avibus

139 3215 157 3258 a
173 3216 204 3258 v.
227 3196 298 3256 454.
318 3194 417 3275 primo
436 3191 560 3271 stropha
576 3199 639 3267 est,
664 3186 776 3250 deinde
799 3179 965 3270 ἒπίῤῥημα
987 3204 1026 3245 ex
1043 3184 1132 3244 LXlll
1148 3202 1228 3244 ana-

138 3299 283 3381 paesticis
306 3294 508 3374 tetrametu's,
539 3301 603 3354 tum
626 3300 761 3371 systema
784 3308 823 3350 ex
846 3289 985 3350 dimetris
1012 3287 1225 3365 anapaesticis,

140 3405 231 3484 quasi
245 3390 392 3486 μακράν,
417 3400 472 3460 etsi
488 3397 609 3477 longius
625 3392 720 3472 illud,
740 3411 833 3472 quam
850 3389 933 3472 quod
948 3407 1011 3451 uno
1026 3389 1136 3468 spiritu
1150 3406 1229 3467 pro-

139 3507 277 3572 nuntiari
292 3505 407 3587 possit:
434 3500 506 3564 inde
522 3497 629 3562 eodem
645 3495 751 3558 ordine
767 3515 785 3557 a
800 3513 830 3555 r.
851 3495 923 3554 539.
943 3489 1069 3553 totidem
1085 3489 1229 3552 versibus

140 3611 350 3691 antistropha,
378 3597 621 3690 άντιπίρῤημα,
645 3609 676 3663 et
689 3617 746 3681 par
767 3600 860 3678 priori
875 3605 1011 3678 systema
1027 3595 1229 3657 dimetrorum

140 3715 418 3797 anapaesticomm.
450 3711 485 3770 ln
499 3709 666 3788 Lysistrata
687 3713 791 3766 autem
813 3723 844 3764 v.
866 3701 1059 3764 tlh-635.
1086 3698 1230 3761 trochaici

140 3826 215 3882 sunt
230 3817 411 3894 tetrametri,
431 3812 545 3894 quibus
562 3807 671 3871 modiis
687 3807 811 3886 stropha
827 3805 964 3868 admixta
980 3813 1037 3883 est,
1056 3811 1087 3864 et
1100 3823 1131 3863 v.
1153 3803 1224 3862 636.

142 3923 260 3988 -657.
286 3918 414 3983 totidem
436 3915 579 3979 trochaici
602 3931 671 3974 cum
695 3911 895 3992 antistropha.
934 3909 996 3969 llos
1023 3907 1081 3967 alia
1104 3903 1229 3982 stropha

139 4029 255 4108 aliique
265 4023 421 4101 trochaici,
436 4021 495 4101 ipsi
504 4015 795 4099 quoque‘stropham
808 4015 900 4076 aliam
912 4014 943 4072 iu
956 4008 1057 4071 medio
1065 4006 1226 4084 habentes,

140 4133 302 4210 excipiunt
316 4149 347 4189 v.
369 4125 562 4186 658.--684.
583 4119 698 4200 quibus
713 4116 840 4180 totidem
855 4134 945 4196 pares
961 4130 1089 4190 versus,
1110 4109 1228 4171 682.-

142 4240 215 4302 705.
235 4229 434 4314 respondent.
822 4234 825 4244 ·

193 4357 316 4404 Hermsnui
324 4353 426 4404 Epitome
438 4345 507 4385 doctr.
519 4343 630 4383 metricae.
993 4336 1023 4386 ¹5
