2896 4960
428 350 465 392 D!
480 349 612 392 Vffllffi
627 349 842 394 saumanicis.

514 611 624 681 GAP.
644 611 772 682 m

294 785 295 790 ¹
324 764 383 834 De
409 763 612 836 versibus
639 764 956 858 anapaesticis.

183 931 298 1016 5359.
325 934 1084 1016 Versuumanapaastioorumdungenera
1097 946 1180 1017 sunt,

97 1057 215 1118 unum,
242 1037 327 1120 quod
347 1057 404 1119 per
424 1036 564 1120 dipodias
586 1036 733 1100 incedens
753 1038 877 1120 plenam
897 1038 992 1101 habet
1007 1057 1184 1102 mensuram

96 1161 219 1219 arsecs,
239 1140 325 1204 unde
341 1141 530 1224 spondeum,
549 1140 724 1223 dactylum,
742 1143 1047 1224 proceleusmaticum
1063 1142 1180 1224 recipit,

97 1246 156 1308 hac
171 1245 288 1307 forma:

185 1483 238 1516 υυ
260 1466 285 1514 L
298 1481 350 1516 υυ
374 1503 396 1515 -

246 1586 297 1619 W
360 1585 410 1620 W

104 1695 243 1774 alterum,
268 1694 323 1773 qui
345 1692 467 1774 cyclii
489 1693 704 1773 anapaesti
723 1701 883 1772 vocantur,
909 1693 1186 1776 quodoxlongio·

103 1798 187 1859 ribus
203 1796 367 1860 ordinibus
382 1805 515 1876 constat,
542 1804 573 1858 et
594 1797 676 1857 arsin
692 1796 786 1857 habet
800 1796 1022 1875 irrationalem
1048 1797 1133 1862 unde
1156 1808 1188 1862 et

105 1901 210 1963 solutio
233 1919 338 1962 arseos
353 1899 478 1962 exclusa
500 1908 564 1979 est,
590 1899 649 1961 nisi
669 1897 746 1960 sorte
768 1899 800 1959 in
821 1900 944 1962 nomine
964 1903 1103 1983 proprio,
1128 1922 1187 1964 neo

112 2001 241 2086 dactylus
267 2023 324 2086 pro
350 2011 516 2084 anapaesto
541 2001 722 2066 admittitur.
763 2001 806 2064 De
831 2002 879 2066 his
904 2024 935 2066 v.
963 2005 1087 2086 Dionys.
1116 2006 1181 2068 llal.

115 2104 152 2168 de
166 2125 257 2189 comp.
277 2106 363 2170 verb.
383 2126 413 2188 p.
434 2108 506 2169 226.

185 2309 304 2395 §30⁰-
337 2315 462 2393 Eorum,
481 2314 534 2393 qui
549 2328 606 2396 per
619 2310 759 2394 dipodias
775 2311 932 2394 incedunt,
952 2333 1044 2398 saepe
1060 2315 1186 2380 inveni-

105 2428 162 2499 tur,
189 2426 433 2481 monometer
454 2417 727 2480 acatalectus:

186 2531 276 2601 κατὰ
297 2536 357 2622 γᾶν
379 2531 493 2602 οἰκεῖν.

103 2659 212 2724 bosch.
231 2661 323 2722 Eum.
343 2661 415 2721 844.
436 2659 508 2720 844.
529 2658 601 2720 846.
638 2657 794 2737 Frequens
816 2658 866 2720 hic
888 2667 936 2722 est
956 2661 989 2722 in
1011 2662 1187 2738 systematis

104 2763 315 2842 dimetrornrn,
334 2763 390 2825 ubi
404 2762 515 2826 basis
530 2763 787 2841 anapaestica
804 2763 905 2824 vocari
920 2763 1007 2824 solet.
1037 2763 1186 2843 Synesius

103 2877 164 2929 tras
178 2867 313 2946 hymnos
328 2867 385 2928 hoc
399 2875 496 2929 metro
511 2865 641 2946 scripsit,
660 2866 692 2926 in
706 2865 842 2928 secundo
856 2865 945 2947 pede,
971 2869 1115 2947 quoniam
1132 2869 1187 2930 ul-

100 2971 209 3032 timam
225 2977 330 3031 contra
346 2989 461 3031 morem
479 2977 616 3032 veterum
632 2971 797 3050 ancipitem
813 2989 881 3033 asse
896 2970 1068 3051 statuebat,
1095 2973 1186 3034 etiam

102 3074 293 3138 tribrachum
309 3083 340 3136 et
355 3073 530 3136 trochaeum
546 3072 605 3135 sibi
621 3073 794 3154 indulgens.

189 3277 313 3361 9361.
362 3282 552 3342 Trimetro
581 3281 813 3343 catalectico
843 3282 1001 3343 Simmiam
1032 3283 1183 3364 integrum

105 3405 228 3448 carmen
242 3384 401 3464 scripsisse
417 3391 547 3446 testatur
562 3383 760 3463 Hephaestio:

186 3497 291 3568 ‘Iovio
314 3497 408 3588 ἁγνά,
431 3493 490 3566 ἀπ’
514 3492 666 3580 ligabam
686 3493 773 3582 μέσα
794 3494 925 3584 τοίχων.

190 3711 214 3794 ἐ
228 3707 306 3777 362.
336 3713 441 3774 Plures
456 3711 720 3792 anapaesticorum
735 3729 883 3773 versuum
898 3711 1011 3776 lormas
1026 3724 1187 3782 enumerat

106 3819 232 3880 Servius
247 3818 280 3879 in
296 3817 490 3880 Gentimetro.
515 3818 551 3878 V.
571 3811 664 3876 Gaisi.
683 3812 724 3876 ad
740 3815 835 3895 lleph.
855 3834 886 3895 p.
907 3816 979 3879 290.
999 3835 1063 3908 seq.

493 4073 808 4095 ---ι-ι·-ι-ι-ιι--ι·----,--Δ
