2930 4962
314 321 426 424 η’
716 361 990 408 mmmm

314 517 362 578 Ex
377 516 426 578 his
439 515 636 596 duoprimas
651 513 817 580 admodum
834 516 943 596 iugmti
957 524 989 576 et
1003 515 1122 580 molesti
1138 516 1257 582 torem:
1273 515 1378 582 uitium

313 637 388 682 veru
407 629 439 680 et
459 617 705 698 elegantissimus
727 628 791 696 est,
820 627 852 684 et
872 619 1011 699 appaime
1037 621 1226 684 conueniens
1251 618 1379 698 ag'taticui

315 723 497 798 animarum,
513 722 562 784 cui
577 719 796 802 significandae
811 721 868 786 hcc
881 740 981 802 genus
996 721 1297 788 versuumadhibeii
1307 721 1379 782 salet.
1422 691 1423 746 l

315 827 450 888 Vtuntur
464 827 545 887 cuim
561 844 597 886 ec
611 823 698 906 lyn‘ci
713 826 847 905 parcius,
873 827 978 892 mucci
994 825 1057 888 lere
1071 835 1108 888 ut
1123 827 1256 906 tragicus
1271 823 1379 900 mani,

316 929 419 1008 tragici
435 939 539 992 autem
556 937 714 1007 tamquam
729 929 853 1008 proprio
868 927 1049 1010 unguedine.

399 1183 522 1269 5227.
563 1187 714 1266 Coniuugi
738 1186 837 1250 solent
862 1207 879 1249 a
905 1189 1040 1270 tragicis,
1070 1207 1244 1270 eorumque
1265 1183 1383 1264 exempla

317 1292 440 1353 etiam‘a
458 1291 590 1370 comicis,
610 1289 742 1352 dochmii
758 1289 790 1350 in
805 1299 983 1371 systemate,
1002 1296 1185 1372 perpetuata
1201 1307 1328 1352 numero
1340 1287 1382 1348 de-

314 1395 484 1473 currentia,
512 1403 543 1455 et
557 1393 742 1473 plerumque
758 1394 817 1473 sic,
844 1404 880 1456 ut
899 1393 961 1456 duo
977 1392 1111 1456 dcclimii
1127 1413 1191 1458 uno
1207 1412 1302 1458 versu
1316 1410 1380 1452 coni·

315 1496 556 1577 prehendantuu.
590 1498 666 1558 lliuc
686 1516 703 1557 a
727 1497 787 1558 fine
809 1497 1000 1577 singulorum
1023 1496 1238 1560 dochmiorum
1260 1497 1292 1558 iu
1306 1492 1380 1555 medic

318 1610 485 1678 systemate
501 1609 530 1661 et
546 1599 664 1679 syllaba
680 1617 809 1682 auceps,
828 1610 859 1662 et
874 1601 975 1662 hiatus
991 1599 1219 1683 excluduntur,
1242 1601 1301 1662 uisi
1316 1597 1384 1658 cecis
1424 1589 1425 1650 l

315 1701 550 1782 conditionibus,
570 1702 609 1765 de
625 1703 740 1784 quibus
756 1703 853 1765 inira:
875 1704 1009 1784 legitima
1025 1715 1129 1767 autem
1146 1716 1197 1768 est
1212 1705 1334 1768 ultimae
1344 1719 1383 1760 sa

315 1804 400 1867 lutio.
428 1806 535 1886 ltaque
550 1807 646 1869 forma
661 1806 794 1869 dochmii
810 1808 841 1868 in
858 1807 967 1870 mediis
982 1811 1158 1888 systematis
1175 1810 1255 1871 haec
1270 1816 1328 1869 est:

399 1939 426 1972 υ
440 1925 463 1972 .’.
477 1927 482 2030 y
501 1925 525 1972 .‘.
540 1920 571 1999 ¹[l
585 1925 609 1973 .‘

482 2002 541 2127 RN:
571 2064 622 2095 W

292 2168 497 2230 -variationes
518 2170 723 2248 complectens
743 2169 864 2248 triginta
887 2167 982 2248 duas;
1010 2171 1040 2230 in
1058 2171 1119 2232 fine
1134 2172 1327 2252 systematis,
1347 2171 1381 2226 ³¹1¹

317 2270 415 2334 sicubi
431 2271 571 2334 dochmic
585 2289 647 2333 nan
663 2269 713 2332 alii
729 2272 948 2337 contueantur
962 2274 1083 2336 numeri
1099 2273 1189 2336 baec:
1425 2259 1426 2268 ἵ

403 2387 428 2438 ὗ
443 2391 466 2437 L
501 2391 525 2438 L
549 2387 612 2438 GL

357 2527 613 2578 ,υυυυυ

316 2653 354 2694 ex
371 2651 431 2714 qua
454 2635 638 2696 variationes
659 2654 757 2697 nuvae
772 2631 906 2697 sedecim
927 2633 1094 2715 accedunt,
1121 2645 1156 2696 ut
1175 2654 1285 2698 omues
1300 2631 1383 2694 vatia-

317 2739 414 2798 tiones
430 2756 559 2800 numeru
574 2739 636 2800 sint
651 2749 717 2800 octo
732 2749 763 2800 et
778 2737 990 2820 quadraginta.
1076 2823 1080 2836 Ι
1426 2741 1427 2748 ’

404 2974 519 3060 §228-
554 2978 611 3048 Vbi
632 2979 739 3043 ultima
759 2997 873 3062 auceps
892 2988 941 3044 est
962 2981 992 3046 iu
1015 2980 1141 3045 breuem
1164 2982 1302 3048 vocalem
1321 2975 1381 3038 exit

317 3091 419 3162 potest
433 3082 630 3162 vccabulum,
650 3083 676 3146 si
691 3081 879 3164 paaecedcus
893 3082 1012 3162 syllaba
1028 3083 1132 3148 brevis
1148 3095 1205 3166 est,
1224 3096 1262 3150 ut

402 3193 535 3284 δώμασι
557 3197 616 3272 καὶ
635 3193 746 3282 „eet

318 3323 480 3415 Vbiluuga
495 3333 544 3386 est
557 3322 758 3405 praecedens,
771 3333 899 3386 curatur
913 3333 949 3386 ut
962 3325 1069 3388 ultima
1083 3333 1164 3388 certe
1180 3327 1211 3387 in
1227 3333 1385 3388 consonan-

317 3439 380 3489 tem
396 3439 496 3506 excat,
516 3427 600 3509 qued
615 3428 659 3490 sic
674 3426 864 3490 commodius
880 3430 991 3492 monui
1007 3431 1038 3490 iu
1054 3447 1089 3490 ea
1106 3447 1165 3494 vox
1181 3439 1292 3510 potest,
1311 3433 1342 3488 ut

402 3543 574 3633 παραλίαν
595 3541 748 3633 ψάμμον.

400 3647 558 3734 μάνασον,
580 3652 696 3734 μᾶτερ.

316 3775 374 3836 Vix
389 3781 491 3834 autem
509 3773 599 3835 talem
619 3790 744 3835 versum
761 3771 927 3854 quisquam
943 3765 1137 3854 probaverit:

402 3886 503 3957 πόλιν
518 3887 576 3956 καὶ
591 3890 698 3973 δῶμα.

403 4129 519 4217 §m
558 4135 638 4198 Sunt
659 4131 811 4216 quaedam
834 4133 947 4196 classes
966 4153 1117 4198 ¹versuum
1141 4135 1383 4198 dccbmiaccrufflt

319 4251 411 4323 prout
432 4242 480 4303 vel
497 4239 625 4302 alacrior
639 4257 806 4318 uumerus,
833 4239 882 4300 vel
897 4239 1077 4318 lugubrium·
1096 4241 1145 4302 vel
1164 4240 1295 4303 debilior
1308 4239 1385 4308 atque
