2922 4948
257 389 319 454 238
666 403 722 450 un.
743 405 787 452 ιιι.
818 405 881 452 ιιι.
900 407 946 452 n.

256 556 299 644 β’.
320 559 355 646 γ’.
376 555 415 645 γ’.
435 554 474 623 d'.
495 558 534 622 δ’.
569 561 646 624 Cum
667 559 766 641 epodo
780 571 882 623 alutem
907 565 967 623 sic:
994 556 1045 640 α’,
1063 555 1106 623 α’.
1123 553 1166 641 β’.
1184 553 1227 643 β’.
1248 561 1288 644 ps.
1312 555 1354 643 γ’.

258 660 287 728 δ’
292 716 298 728 .
318 659 359 728 d‘.
378 668 415 727 ε’.
434 665 484 726 vel
500 666 543 727 c'.
563 667 606 764 ci.
624 667 667 746 β’.
687 659 727 748 γ’.
746 659 784 747 y‘.
806 658 833 728 δ’
840 714 846 728 .
867 659 896 728 δ’
900 714 906 728 .
938 663 1001 728 Sed
1016 665 1056 727 de
1070 665 1129 727 bac
1145 665 1227 726 omui
1245 665 1360 726 varie—
1456 653 1457 704 l

257 780 319 832 tate
336 789 407 831 mox
423 769 608 851 explicatius
625 769 755 832 dicetur.

647 1081 956 1091 ———--n-

698 1330 810 1403 cAP.
829 1331 917 1401 XX.

259 1503 317 1572 lle
357 1501 733 1594 responsionibus
775 1511 1003 1572 metrorum
1039 1502 1083 1570 in
1116 1499 1353 1572 diverbiis.

345 1685 461 1770 5650.
488 1690 604 1769 Tragici
627 1689 748 1770 aequali
763 1692 897 1770 partium
921 1690 1149 1769 comparatione
1163 1697 1196 1750 et
1214 1707 1355 1768 respon·
1458 1697 1459 1710 ¹

260 1795 345 1856 sione
376 1802 535 1874 tantopere
561 1793 703 1857 delectati
733 1803 824 1874 sunt,
854 1803 889 1857 ut
915 1811 983 1856 eam
1009 1796 1108 1858 etiam.
1128 1795 1161 1854 in
1186 1791 1350 1872 diverbiiS,

260 1899 314 1962 ubi
330 1897 456 1979 quidem
479 1917 538 1960 non
561 1898 770 1960 vehementior
793 1897 904 1980 aliquis
926 1909 1028 1962 motus
1050 1899 1224 1960 animorum
1234 1895 1355 1960 'abesse

260 2003 343 2066 illam
365 2003 510 2064 orationis
530 2001 780 2082 aequabilitatem
802 2003 989 2084 postularet,
1021 2001 1230 2067 adhibendam
1253 2011 1356 2084 puia-

259 2108 371 2170 verint.

345 2329 461 2414 §libb
488 2330 532 2392 Ao
547 2329 732 2412 plerumque
744 2332 870 2413 quidem
887 2336 928 2397 its
944 2336 1019 2396 haec
1035 2333 1186 2414 colloquia
1202 2333 1353 2416 disposita

261 2448 344 2520 sunt,
359 2446 395 2500 ut
406 2435 543 2518 singulae
555 2453 704 2516 personae
716 2437 853 2518 singulos
865 2457 975 2503 versus
988 2441 1133 2501 recitent:
1153 2446 1189 2500 ιιι
1200 2437 1350 2518 iungam.

259 2565 323 2608 av.
343 2544 416 2606 276.
436 2548 499 2603 eta
517 2559 546 2601 v.
567 2539 638 2602 tlt.
658 2539 765 2602 Pollux
780 2543 827 2605 lV.
850 2543 921 2604 lt3.
949 2541 1169 2623 στιχομυθεῖν
1183 2535 1223 2605 δὲ
1238 2535 1354 2627 ἔλεγον

258 2643 298 2711 τὸ
321 2636 401 2731 παρ’
424 2634 459 2708 ib
482 2636 639 2726 leuticios
660 2634 860 2730 ἀντιλέγειν,
888 2640 1008 2709 καὶτὸ
1031 2645 1170 2732 πρᾶγμα
1193 2663 1355 2727 στιχομυ-

260 2744 360 2817 θίαν.
398 2747 437 2812 Et
459 2747 540 2829 iere,
566 2757 602 2811 ut
622 2750 655 2810 in
676 2747 724 2810 his
747 2750 822 2830 ipsis
843 2749 933 2832 locis,
960 2751 1078 2833 longior
1098 2751 1203 2832 eliqua
1216 2741 1356 2814 'alterius

261 2873 410 2936 personae
427 2854 522 2915 oratio
537 2849 718 2934 exordium,
743 2854 920 2935 pariterque
943 2850 1035 2917 tinem
1052 2853 1137 2935 lacit,
1165 2872 1228 2936 quo
1242 2875 1281 2918 ne
1296 2858 1356 2918 ni-

262 2959 323 3022 mia
338 2957 541 3039 aequabilitas
561 2953 699 3020 taedium
722 2967 813 3022 creet.
848 2959 929 3021 Alibi
952 2959 1090 3042 singulae
1105 2975 1261 3041 personae¹
1273 2958 1355 3024 duos

262 3079 373 3127 versus
396 3063 543 3140 recitant,
568 3069 605 3122 ut
625 3061 658 3121 in
678 3059 809 3126 Eumen.
834 3081 898 3126 av.
919 3065 992 3126 711.
1017 3065 1098 3126 etin
1119 3063 1255 3146 Choepb.
1282 3083 1300 3127 a
1318 3085 1350 3128 v.

264 3165 359 3230 tott.
386 3164 543 3228 interdurn
555 3182 618 3229 una
630 3181 762 3246 persona
777 3185 900 3250 semper
915 3185 1024 3250 unum,
1045 3168 1140 3230 altera
1155 3177 1260 3230 autem
1273 3165 1354 3232 duos

262 3285 371 3334 versus
395 3267 505 3352 habet,
530 3281 566 3334 ut
588 3273 620 3332 in
635 3271 732 3334 Prom.
759 3289 823 3335 av.
844 3273 895 3334 39.
928 3269 1009 3334 Alibi
1031 3272 1185 3354 variatur,
1212 3277 1249 3335 ut
1268 3290 1355 3336 nunc

261 3375 374 3460 singuli
394 3375 487 3456 duos,
514 3393 599 3438 nunc
621 3392 719 3438 unum
744 3377 876 3457 quisque
892 3393 1017 3440 versum
1041 3377 1238 3458 pronuntiet,
1265 3386 1300 3440 ut
1321 3378 1353 3438 in

262 3479 339 3543 Oed.
363 3481 436 3561 lieg.
463 3497 532 3542 av.
553 3479 625 3542 tre.
658 3473 834 3560 Aliquando
861 3481 1098 3563 interrumpitur
1118 3479 1195 3541 haec
1217 3495 1354 3561 respon-

259 3579 382 3648 sionum
403 3580 589 3665 aequalitas,
609 3601 707 3665 quum
722 3582 798 3665 quid
820 3585 1002 3665 intervenit,
1028 3593 1083 3647 aut
1104 3592 1237 3664 augetur
1258 3584 1353 3647 animi

262 3689 432 3766 commotio,
452 3695 488 3750 ut
502 3689 534 3749 in
549 3686 657 3750 eadem
674 3685 778 3751 fabula
791 3704 821 3752 v.
838 3687 911 3752 331.
931 3688 986 3751 ubi
1002 3703 1074 3752 mox
1089 3705 1199 3752 rursus
1215 3689 1248 3750 in
1265 3687 1354 3752 ordi-

261 3811 334 3854 nem
356 3789 437 3853 redit
457 3779 654 3872 colloquium.
695 3787 794 3876 Saepe
817 3794 926 3872 etiam,
954 3809 1051 3874 quum
1075 3791 1189 3874 singuli
1214 3791 1353 3875 singulos

262 3913 372 3959 versus
384 3895 577 3976 habuissent,
597 3895 652 3958 ubi
667 3898 764 3978 magis
780 3895 996 3979 exardescunt,
1012 3897 1231 3980 unusquisque
1243 3915 1352 3960 versus

263 4003 344 4063 inter
354 4007 522 4080 utrumque
535 3999 774 4082 colloquentium
787 3999 994 4082 distribuitur,
1009 4007 1143 4084 utroque
1155 4001 1349 4082 nuncplura,

263 4121 348 4167 nnnc
363 4104 505 4186 pauciora
522 4103 618 4167 verba
633 4103 771 4187 dicente,
797 4105 853 4168 sed
875 4107 906 4167 in
922 4123 958 4168 eo
973 4115 1076 4168 temen
1092 4113 1213 4168 servata
1229 4123 1354 4186 aequa-

262 4210 363 4290 litate,
383 4207 467 4290 quod
481 4210 645 4290 utriusque
660 4209 741 4272 dicta
757 4229 820 4272 uno
834 4212 951 4291 integro
966 4225 1060 4272 versu
1075 4212 1280 4272 continentur.
1307 4211 1352 4272 lta

262 4316 294 4374 in
310 4315 417 4375 Oreste
433 4332 451 4373 a
468 4331 495 4373 v.
517 4315 589 4376 761.
615 4312 664 4374 ed.
684 4314 765 4376 Pors.
793 4323 823 4376 et
845 4332 909 4378 av.
933 4315 1025 4376 ltili.
1046 4321 1077 4376 et
1094 4313 1126 4375 in
1141 4311 1316 4376 Phoenissis
1333 4333 1349 4376 a
