2930 4962
266 347 308 409 48
418 419 421 426 Ι
673 367 730 409 ma.
752 365 785 410 n.
812 369 874 410 car.
892 369 949 410 xrr.

158 509 163 522 ’
267 519 457 598 1ll.p.332.
494 517 636 582 Secunda
661 518 876 582 videturesse
898 529 1158 602 propternomeo
1181 521 1358 601 proprium,
1457 591 1458 598 ρ

267 630 303 683 ut
321 621 354 682 in
369 623 468 684 Persis
482 622 593 684 Aescb.
614 624 687 686 att.

353 727 482 806 νωμῶν,
499 715 562 788 ὅτ’
579 718 706 800 ἐσθλὸς
723 719 950 811 Ἀριόμαρδος,
965 714 1139 810 Σάρδεσιν.
1221 797 1227 804 ,

268 829 368 890 Tertia
392 828 544 910 denique,
570 849 668 910 eaque
695 831 832 892 omnium
864 829 1127 910 frequentissima,
1153 832 1365 912 interpunctio

154 989 157 1002 ,
268 950 445 1012 praegressa
467 935 499 994 in
522 935 609 994 tertia
634 934 729 1013 thesi,
760 934 827 1012 vel,
857 933 940 1014 quod
967 953 1087 1015 rarum,
1118 936 1150 996 in
1173 936 1261 996 tertia
1283 936 1359 994 arsi.

270 1035 374 1115 Eurip.
395 1037 465 1098 Hec.
487 1039 559 1100 5⁴⁴.
586 1037 679 1098 Rhes.
701 1041 773 1102 7⁴5.

357 1133 564 1219 σπεύδωμεν,
585 1131 781 1222 ἐγκονῶμεν·
798 1131 882 1224 ἡγοῦ
895 1160 967 1220 μοι,
983 1134 1087 1224 γέρον.

353 1235 430 1323 βίον
445 1233 475 1305 d‘
493 1236 642 1303 ἐπαιτῶν
657 1229 758 1324 εἷρπ’,
777 1234 918 1328 ἀγύρτης
932 1263 984 1318 τις
998 1235 1119 1326 λάτρις.

269 1347 349 1406 Haec
369 1347 450 1406 enim
474 1347 679 1425 interpunctio
701 1365 799 1426 quum
823 1366 945 1407 versum
970 1348 1000 1406 in
1023 1347 1146 1408 ordines
1171 1345 1207 1429 ᾗῇ
1232 1349 1306 1409 ltu.
1334 1358 1366 1408 et

273 1453 341 1510 tta.
361 1447 509 1509 indicatos
533 1448 673 1529 dirimat,
699 1459 810 1512 natura
836 1468 891 1510 sua
910 1451 1028 1530 longius
1044 1451 1156 1510 morari
1175 1469 1281 1510 vocem
1298 1470 1366 1530 po-
1458 1507 1459 1516 ,

269 1553 364 1613 stulat
379 1553 409 1612 in
422 1563 530 1632 quarta
548 1553 635 1613 thesi.
663 1553 742 1615 lllud
754 1563 858 1615 autem
870 1562 951 1615 recte
963 1552 1182 1615 animadvertit
1192 1554 1361 1634 Porsonus,

268 1654 322 1714 ubi
339 1643 380 1716 ib
396 1656 426 1714 in
443 1655 549 1734 quinta
566 1659 626 1717 arsi
642 1666 699 1736 est,
718 1675 897 1738 praegresso
913 1657 1018 1737 verbo,
1037 1659 1125 1717 cuius
1141 1657 1248 1718 ultima
1265 1657 1365 1719 elidi-

269 1767 335 1836 tur,
361 1756 439 1819 duas
461 1778 551 1820 voces
572 1761 666 1821 unius
687 1761 785 1822 instar
805 1779 889 1840 esse,
920 1779 1018 1840 eoque
1039 1761 1110 1822 talia
1132 1761 1273 1841 exempla
1297 1781 1363 1822 non
1460 1751 1461 1758 ἵ

270 1859 393 1922 obstare
409 1863 533 1942 regulae
549 1883 635 1944 suae,
654 1874 689 1925 ut
705 1883 754 1942 ap,
773 1863 880 1945 Eurip.
899 1865 1010 1926 Phoen.
1033 1866 1124 1926 ⁴620.

356 1958 419 2048 ἐγώ
435 1961 473 2027 δὲ
488 1957 594 2028 ναίειν
610 1957 638 2029 σ’
655 1958 715 2028 οὐκ
731 1957 863 2047 ἐάσαιμ’
880 1955 921 2028 ἂν
934 1959 1054 2046 χθόνα.

268 2070 464 2150 Quamquam
481 2071 590 2132 borum
603 2089 734 2152 quoque·
743 2071 954 2149 exemplorum
971 2067 1117 2132 nonnulla
1134 2067 1174 2130 ab
1191 2071 1364 2149 interpun-

269 2175 367 2236 ctione
384 2175 439 2234 ista
456 2173 645 2254 praesidium
661 2174 786 2254 habent,
805 2185 841 2235 ut
856 2175 948 2254 Soph.
968 2173 1080 2235 Electr.
1102 2175 1173 2234 tt3.

354 2266 389 2339 εἴ
399 2296 460 2357 μοι
475 2271 585 2360 λέγοις
598 2271 656 2363 τὴν
671 2266 765 2362 ὄψιν,
782 2267 910 2356 εἴποιμ’
927 2266 967 2337 dr
982 2269 1067 2338 τότε.

270 2382 302 2440 ln
319 2383 425 2460 quinta
442 2383 503 2442 arsi
521 2383 724 2460 interpunctio
739 2391 786 2442 ost
802 2382 831 2442 in
847 2379 925 2442 Oed.
946 2381 1009 2443 Col.
1031 2381 1102 2452 1505.
1165 2388 1168 2396 '

352 2475 529 2548 rotense
545 2473 678 2562 ἄλσους,
695 2470 722 2544 ὦ
737 2476 830 2568 κόρη,
846 2475 949 2545 τοῦδ’·
969 2473 1007 2568 ἢν
1023 2479 1060 2546 δέ
1075 2503 1144 2546 τσο.

269 2587 344 2654 Vide
362 2589 404 2650 ibi
420 2587 575 2650 adnotata.

354 2792 470 2874 §lta
508 2795 718 2877 Anapaestnm
741 2796 846 2875 tragici
869 2813 928 2855 non
953 2796 1012 2856 nisi
1034 2797 1065 2854 in
1088 2795 1211 2856 nomine
1233 2799 1361 2876 proprio

269 2899 329 2960 sibi
346 2899 552 2979 indulserunt,
571 2908 699 2978 excepto
714 2899 822 2959 ultimo
837 2897 927 2977 pede,
953 2899 1006 2977 qui
1022 2903 1146 2979 semper
1159 2917 1258 2978 purus
1274 2901 1361 2962 iam-

185 3035 195 3062 ·
269 3002 331 3063 bus
347 3021 414 3063 csse
430 3002 534 3063 debet.
569 3003 608 3062 Et
630 3019 730 3080 usque
751 3000 791 3062 ad
807 3002 930 3081 Olymp.
951 3003 1110 3064 LXXXIX.
1130 3001 1257 3082 quidem
1272 3003 1305 3063 in
1324 3005 1361 3064 iis

269 3116 389 3168 tantum
402 3105 579 3166 nominibus
595 3105 725 3184 propriis
737 3114 939 3184 anapaestum
956 3103 1157 3186 admiserunt,
1174 3123 1255 3185 quae
1270 3106 1362 3167 aliter

271 3210 372 3272 versui
394 3209 485 3288 plane
500 3227 561 3269 non
576 3218 704 3288 possent
719 3209 833 3288 aptari3
860 3219 931 3289 post
950 3229 1017 3270 eam
1034 3209 1249 3289 Olympiadem
1265 3212 1359 3272 etiam

269 3315 299 3374 in
324 3314 399 3393 illis,
426 3312 594 3392 inquibus
617 3312 675 3373 alia
700 3312 894 3374 collocatione
917 3313 1082 3375 verborum
1107 3313 1261 3374 declinare
1277 3333 1360 3376 ana-

269 3427 411 3495 paestum
429 3417 550 3497 licebat,
570 3426 605 3477 ut
620 3416 726 3496 Eurip.
747 3417 812 3477 Hel.
834 3420 888 3480 87:
994 3417 995 3422 ’

358 3514 531 3600 Τελαμών·
549 3514 703 3600 Σαλαμὶς
718 3513 757 3582 δὲ
771 3515 894 3605 πατρὶς
907 3513 927 3605 ἡ
942 3514 1106 3608 θρέψασά
1120 3540 1172 3599 με.

354 3728 378 3809 §
401 3724 475 3791 150.
513 3729 547 3788 ln
569 3730 667 3808 primo
694 3727 773 3808 pede
799 3738 903 3790 tamen
926 3746 1142 3807 quaecumque
1168 3745 1228 3790 vox
1255 3726 1359 3791 lacere

269 3841 471 3912 anapaestum
486 3829 609 3912 potest:
635 3831 692 3893 sed
712 3833 738 3892 is
758 3840 943 3912 anapaestus
966 3832 997 3890 in
1013 3832 1184 3910 antiquiore
1200 3832 1358 3910 tragoedia

269 3955 330 3997 non
345 3945 465 4014 poterat
479 3955 518 3996 ex
534 3935 678 4016 pluribus
695 3934 853 3996 vocabulis
869 3944 1023 4014 constare,
1048 3953 1149 4013 neque
1165 3934 1302 3998 debebat
1317 3955 1359 3996 cx

269 4041 443 4101 accessione
459 4040 615 4119 augmenti
632 4039 663 4098 in
679 4037 784 4100 verbis
800 4047 891 4100 natus
906 4055 984 4100 esse.
1018 4040 1087 4099 Post
1106 4057 1174 4099 eam
1188 4039 1359 4120 Olympia-

271 4144 467 4222 domantem,
484 4163 578 4222 quam
595 4142 668 4221 dixi,
684 4143 775 4202 etiam
791 4143 878 4224 plura
892 4141 985 4202 verba
1003 4151 1034 4202 ct
1045 4151 1243 4221 augmentum
1257 4142 1358 4203 lacere

270 4258 471 4329 anapaestum
495 4248 524 4307 in
547 4247 646 4326 primo
668 4246 747 4324 pede
762 4255 946 4327 potuerunt,
973 4247 1056 4307 utin
1081 4247 1185 4326 Eurip.
1205 4245 1256 4306 Or.
1279 4247 1352 4306 888.
