2896 4960
305 383 366 446 126
709 401 764 445 nn.
786 404 817 445 n.
847 403 909 446 car.
928 401 1012 446 xxxi.-

388 551 505 636 5378.
535 555 705 618 Dimetrum
734 555 851 618 solutas
878 575 963 618 arses
985 555 1149 618 habentem
1178 557 1296 620 bierunt
1317 559 1359 636 qui

303 659 707 740 proceleusmaticum
745 666 1011 722 tetrametrum
1048 657 1359 740 Aristophaneun

303 770 463 841 vocarent,
483 772 519 825 ut
533 762 716 842 Hephaestio
731 761 841 826 refert:
865 763 922 825 sed
943 763 1140 843 peritioribus
1155 763 1360 845 anapaesticnn

304 865 363 928 dici
375 888 381 928 :

388 978 439 1058 τίς
460 974 539 1070 dccc
561 977 744 1066 potdnopo
766 976 838 1048 τόδ’
861 980 1002 1050 ἐπέσυτο
1022 988 1154 1076 βροτῶν
1161 1011 1174 1067 ,·

388 1189 504 1273 5379.
531 1193 629 1275 Spon
639 1191 659 1254 d
669 1193 776 1254 iacos
793 1193 872 1271 illos,
891 1193 1005 1273 quibus
1021 1213 1113 1275 saepe
1128 1196 1235 1275 plures
1250 1193 1361 1254 continui

304 1297 470 1360 catalectici
485 1297 673 1374 inseruntur,
692 1304 728 1356 ut
741 1295 832 1358 valde
847 1315 955 1377 graves
971 1307 1002 1359 et
1017 1299 1185 1360 moestitiae
1201 1307 1295 1377 aptos,
1313 1305 1360 1356 tra·

304 1402 361 1480 gici
380 1399 575 1480 potissimum
596 1408 805 1479 usmparunt,
832 1401 875 1462 ita
889 1400 969 1480 lere,
993 1410 1028 1463 ut
1043 1401 1254 1482 antistrophici
1269 1407 1355 1460 essent.
1409 1397 1410 1444 l

305 1504 427 1582 Propria
456 1503 566 1564 horum
593 1511 641 1563 est
668 1504 817 1583 neglectio
839 1523 995 1566 caesurae.
1037 1493 1212 1568 Catalectiol
1235 1505 1293 1582 illi,
1315 1502 1358 1562 sive
1402 1519 1406 1534 ·

305 1607 497 1686 paroemiaci,
517 1606 573 1668 etsi
589 1605 729 1667 ultimam
745 1606 862 1668 habent
877 1609 1058 1688 ancipitem,
1084 1617 1189 1669 tamen
1203 1606 1360 1686 plerumque
1410 1656 1411 1687 ,

305 1719 446 1789 curatur,
470 1717 507 1771 ut
526 1729 561 1770 ea
585 1708 704 1788 syllaba
727 1710 815 1790 longa
838 1712 893 1790 sit,
920 1709 1058 1791 quodid
1080 1712 1182 1791 aptius
1204 1707 1359 1770 totihorun

305 1832 453 1877 versuum
474 1812 570 1875 indoli
585 1812 687 1875 visum
709 1822 765 1874 est.
797 1814 948 1896 Exempla
969 1814 1078 1877 horum
1093 1817 1243 1876 versudm
1263 1808 1358 1872 suntin
1410 1819 1411 1826 ¹

304 1919 404 1979 Persis
425 1935 443 1978 a
465 1935 496 1976 v.
516 1917 588 1978 925.
611 1918 645 1977 in
666 1915 808 1997 hecuba,
834 1934 967 1997 quorum
989 1918 1141 1999 quaedam
1164 1918 1255 1980 allata
1276 1913 1359 1998 §att

305 2021 337 2082 in
358 2019 546 2099 Troadibus,
575 2019 607 2079 in
630 2019 784 2099 Iphigenia
808 2023 954 2101 Taurica,
987 2023 1018 2083 in
1039 2023 1124 2102 lone,
1149 2032 1182 2085 et
1204 2019 1291 2096 alibi,
1315 2025 1361 2076 tun
1411 2062 1412 2088 ἶ

305 2124 390 2206 apud
405 2123 558 2205 Aristoph.
577 2123 610 2184 in
624 2125 701 2184 Ran.
722 2125 793 2184 372.
813 2143 855 2186 ss,
874 2126 907 2186 in
922 2123 979 2186 hv.
1001 2127 1093 2186 tots.
1111 2144 1154 2187 ss.
1174 2127 1207 2187 in
1222 2124 1293 2185 Pace
1309 2119 1359 2178 tat.
1411 2099 1412 2120 ¹

306 2248 331 2291 s.
353 2230 423 2290 lot.
450 2247 492 2290 ss.
526 2229 579 2288 His
601 2225 775 2308 spondiaels
797 2229 995 2307 paroemiacis
1011 2228 1160 2308 synesius
1181 2229 1323 2307 hymnum
1336 2219 1360 2280 V·

306 2332 436 2413 scripsit.

390 2533 506 2622 §38st
533 2537 565 2600 Si
588 2535 712 2619 quando
732 2535 780 2600 his
800 2538 943 2602 versibus
963 2539 1085 2602 iunctus
1105 2539 1264 2604 invenitur
1277 2549 1364 2596 mone
1412 2567 1413 2596 t

306 2652 404 2706 meter
417 2642 698 2724 hypercatalectus,
719 2643 914 2706 verisimilius
930 2641 1068 2722 videtur,
1088 2663 1159 2707 eum
1177 2641 1362 2707 dochmiacnn

217 2793 221 2802 .
306 2765 389 2809 esse:
408 2746 489 2808 utin
505 2745 621 2808 Hecub.
644 2749 714 2808 ⁴93.
737 2747 807 2808 496.
827 2746 875 2808 ed.
895 2747 976 2808 Pers.

391 2858 554 2951 Πηλείδα,
578 2859 678 2948 γέννα.

392 2961 549 3051 μάνυσον,
570 2968 685 3052 μᾶτερ.

308 3089 370 3153 Nec
385 3090 484 3153 dicam
500 3093 554 3173 qui
570 3091 602 3151 in
618 3087 787 3152 Trachiniis
802 3098 876 3153 sunt
891 3109 921 3152 v.
943 3092 955 3151 l
964 3093 1034 3152 085.
1057 3091 1149 3154 4086.

395 3198 485 3289 ὦναξ
498 3203 605 3298 Ἅιδη,
630 3204 723 3288 δέξαι
744 3202 790 3292 μ’,

395 3303 422 3378 ὦ
443 3307 529 3390 Διὸς
551 3306 655 3394 ἀκτίς,
677 3307 804 3382 waisdo
824 3304 870 3396 μ’,

308 3440 517 3520 anapaesticus
533 3437 678 3500 dimetros
693 3421 1092 3516 brachycatalectos‘potius
1102 3437 1112 3516 ‚'
1135 3453 1230 3517 quam
1244 3425 1364 3498 iambicos

309 3542 559 3621 ischiorrhogicps
571 3559 649 3620 esse,
664 3541 845 3620 praesertim
857 3558 955 3620 quum
966 3538 1060 3604 medii
1076 3542 1137 3604 sint
1147 3542 1227 3603 inter
1237 3535 1365 3600 trimetros

308 3645 463 3708 iambicos.

396 3750 540 3813 Getarum
555 3765 632 3828 quos
648 3749 683 3810 G.
702 3745 879 3812 Dindorfius
892 3745 934 3815 ad
943 3745 1154 3828 Aristophanis
1169 3747 1250 3811 Aves
1265 3757 1292 3818 v.
1307 3729 1363 3795 33³·

310 3852 340 3913 in
356 3850 488 3913 editione
508 3853 580 3912 anni
599 3852 690 3913 1830.
710 3860 741 3913 et
761 3851 793 3911 in
814 3849 1061 3913 adnotationibus
1076 3850 1115 3912 ad
1131 3845 1284 3931 Euripidis
1297 3828 1366 3916 Iphi

309 3955 429 4035 genium
452 3952 484 4016 in
499 3951 607 4015 Tauris
622 3972 652 4015 v.
674 3954 745 4016 tat.
770 3963 962 4019 commentus
984 3963 1031 4016 est
1053 3971 1162 4018 versus
1182 3938 1366 4032 anap³⁰⁵l5⁰⁰³

309 4057 488 4139 imperfecta
505 4075 665 4137 mensura,
691 4073 749 4121 nec
770 4058 897 4122 luerunt
918 4076 1066 4138 nmquam
1085 4059 1140 4124 ulli
1152 4077 1211 4122 nec
1225 4037 1366 4137 potuerunt

310 4180 387 4224 esse.
413 4163 457 4224 De
473 4161 520 4222 his
537 4159 599 4223 dixi
615 4159 655 4224 ad
670 4159 841 4241 Iphigeniae
858 4163 1003 4224 Tauricae
1019 4182 1049 4224 v.
1067 4163 1139 4225 ⁴92.
