2930 4962
289 345 331 406 46
640 337 644 351 “
693 370 748 412 ιιι.
769 371 801 414 ιι.
828 373 890 416 σιν.
909 375 966 419 xrr.

288 515 388 576 rnedio
418 515 497 596 pede
524 527 646 597 'quarto
697 525 741 585 Εο
771 545 896 588 versum
928 530 959 588 in
989 529 1045 590 hos
1076 531 1197 595 ordines
1229 533 1384 600 distribui

286 618 438 696 postulat:

372 733 467 785 ῦέυ-
480 739 484 825 η
499 737 574 787 &Lu
586 741 600 830 η,
612 739 661 790 LO
674 744 678 830 η
691 744 763 794 Lu-

372 833 462 928 κεόνη
477 839 539 927 γάρ
555 833 678 910 ι’όλεσέν
693 871 753 928 νιν,
770 843 820 925 εἰς
837 846 961 936 Τροίαν
975 845 1004 916 τ’
1020 845 1102 940 dyst.

373 939 447 1008 ἐπεὶ
462 942 573 1036 πατὴρ
589 937 687 1026 οὗτος
702 947 771 1032 σός,
789 945 826 1017 ὃν
841 957 978 1043 θρηνεῖς
993 950 1057 1022 oiri.

369 1177 486 1258 5143.
519 1183 605 1256 Quae
629 1185 659 1244 in
683 1186 743 1247 hnc
766 1190 846 1250 tertii
860 1189 949 1270 pedis
965 1192 1016 1271 iit,
1043 1197 1138 1255 rarior
1153 1196 1281 1276 quidem
1299 1219 1381 1262 cae-

285 1301 375 1361 sura,
395 1294 426 1344 et
440 1303 495 1364 per
511 1304 543 1345 se
559 1287 687 1348 minime
700 1289 841 1370 elegans,
861 1303 964 1356 tamen
979 1315 1072 1376 saepe
1088 1299 1119 1358 in
1135 1302 1273 1364 oratione
1287 1309 1380 1382 gravi

283 1397 313 1448 et
335 1397 483 1448 commota
507 1390 663 1468 aptissime
689 1391 825 1456 adhibito
851 1397 1018 1462 invenitur.
1059 1397 1168 1464 hesch.
1190 1405 1222 1464 S.
1247 1405 1289 1466 od
1315 1409 1373 1468 Th,

284 1489 376 1550 1054.
405 1491 496 1569 Soph.
517 1493 563 1552 El.
586 1496 678 1556 ⁴036.
700 1497 792 1558 ⁴038.
819 1499 925 1580 Eurip.
946 1503 1017 1564 Hoc.
1039 1506 1111 1564 387.

368 1601 439 1672 ἀλλ’
456 1600 494 1672 ὃν
509 1605 610 1686 πόλις
625 1614 747 1698 στυγεῖ,
764 1611 803 1679 ori
820 1611 970 1705 τιμήσεις
984 1615 1102 1710 τάφῳ,-

369 1705 508 1795 άτιμίας
521 1711 582 1795 μὲν
597 1705 648 1793 nii,
664 1713 882 1804 προμηθείας
896 1719 934 1787 δι’
948 1743 1018 1789 σον.
1137 1721 1144 1747 ¹

369 1810 525 1900 ὅτανγὰρ
541 1805 577 1880 εὖ
594 1823 728 1907 φρονῇς,
745 1815 821 1888 τόθ’
837 1818 952 1912 ἡγήσει
968 1823 1007 1891 nr)
1023 1832 1096 1914 νῷν.

367 1922 520 1994 κεντεῖτε,
535 1916 580 2008 μὴ
597 1915 765 2010 φείδεσθ’·
784 1922 847 2010 ἐγώ
868 1919 982 1994 ”τεκον
996 1927 1116 2014 Πάριν.

280 2041 323 2101 Ea
341 2042 395 2102 hos
411 2041 470 2102 sihi
487 2042 609 2106 ordines
625 2048 778 2125 postulat:

364 2161 461 2208 υέυ,
473 2160 478 2247 Ι
491 2157 539 2208 GL
552 2162 564 2248 Η
578 2161 759 2252 υέῦηέυ.

364 2385 480 2468 5144.
514 2392 594 2452 Raro
615 2391 711 2470 pedes
732 2393 905 2456 secundum
920 2407 952 2458 et
973 2400 1096 2462 tertium
1116 2421 1178 2466 une
1195 2425 1271 2466 voce
1286 2426 1369 2470 con-

278 2493 368 2554 tineri
390 2493 567 2556 observavit
590 2495 751 2558 Personus.
785 2498 859 2560 Nnrn
883 2499 989 2562 durior
1009 2501 1057 2564 hie
1080 2505 1220 2570 incessus
1243 2517 1369 2574 numeri

276 2605 333 2674 est,
350 2605 394 2675 ut,
410 2599 436 2660 si
451 2597 634 2678 plerumque
650 2619 711 2660 non
726 2609 828 2681 optus,
844 2612 876 2664 nt
887 2604 1055 2684 aliquando
1069 2617 1170 2670 tomen
1184 2615 1370 2691 aptissimus

277 2701 326 2778 sit,
346 2703 427 2762 utin
442 2700 584 2782 Aeschyli
600 2703 697 2764 Persis
716 2705 785 2766 465.
807 2707 878 2768 509.
899 2716 930 2768 et
944 2709 1051 2790 Eurip.
1072 2713 1180 2792 Suppl.
1202 2719 1274 2777 699,

362 2817 487 2907 Ξέρξης
502 2813 531 2883 δ’
549 2814 727 2906 ἀνῴμωξεν
741 2828 852 2888 κακῶν
867 2819 954 2907 ὁρῶν
968 2824 1089 2910 βάθος.

365 2921 494 3012 Θρῄκην
509 2922 712 3009 περάσαντες
721 2918 825 3008 μόλις
839 2928 958 3013 πολλῷ
973 2926 1078 3016 πόνῳ.

362 3025 420 3091 καὶ
435 3024 710 3110 συμπατάξαντες
722 3026 827 3112 μέσον
841 3027 952 3100 πάντα
968 3033 1117 3120 στρατόν.

360 3261 476 3344 5145.
510 3265 646 3329 Tertium
669 3275 700 3328 ct
715 3275 861 3346 quartum
883 3268 994 3348 pedem
1017 3288 1187 3353 numquam
1207 3297 1270 3342 une
1286 3299 1365 3344 voce
1463 3350 1464 3355 γ

274 3367 492 3448 comprehendi
512 3368 669 3431 contendit
691 3372 859 3451 Porsouus,
889 3375 1064 3453 corrigenda
1085 3387 1217 3460 putanS,
1248 3384 1274 3444 si
1298 3403 1363 3464 quo

274 3475 471 3535 invenientur
484 3474 635 3554 exempla.
663 3474 728 3534 Non
746 3484 835 3538 recte.
862 3476 937 3538 Nom
954 3497 1037 3540 nunc
1052 3481 1109 3542 alia
1122 3501 1249 3544 caesura
1265 3487 1362 3548 duri-

274 3578 346 3636 tiem
363 3579 489 3658 emollit,
507 3587 543 3640 ut
557 3579 590 3640 in
604 3579 701 3640 Persis
718 3581 789 3641 500.

360 3693 435 3762 ἐπεὶ
451 3694 489 3762 δὲ
504 3693 615 3762 πολλὰ
629 3697 823 3785 θεοκλυτῶν
837 3695 1010 3766 inemo

360 3796 510 3886 στρατός,
528 3802 533 3890 Ι
550 3805 639 3888 περᾷ
653 3798 929 3889 κρυσταλλοπῆγα
945 3799 1003 3867 διά
1018 3799 1134 3890 πόρον.

272 3925 360 3986 Nunc
375 3926 467 3985 etiarn
482 3925 557 3986 nihil
573 3925 711 4004 impedit,
736 3925 812 4004 quin
828 3944 931 3988 cerere
946 3945 1071 3990 versum
1089 3947 1215 3991 caesura
1231 3940 1358 3995 statue-

272 4047 352 4108 mus,
371 4029 452 4089 utin
468 4026 611 4106 Aeschyli
626 4026 733 4108 hgom.
755 4031 847 4090 thot.
874 4029 983 4110 Suppl.
1004 4032 1077 4094 952.

358 4139 483 4239 ἦκάρτ’
500 4142 551 4234 άρ’
569 4142 610 4214 dv
624 4141 851 4234 παραστάσεις
864 4153 1017 4237 χρησμῶν
1034 4147 1129 4232 ἐμῶν.

357 4251 415 4320 καὶ
429 4245 535 4319 τάλλα
551 4249 618 4318 πού
632 4246 666 4336 μ’
684 4250 863 4319 ἐπεικάσαι
878 4249 1010 4320 δίκαιον
1024 4243 1073 4342 η’ν.
