2930 4962
231 373 271 434 68
634 389 690 432 ms.
711 389 743 432 tt.
774 387 837 432 aar.
856 389 914 432 xix.

315 539 431 624 5203.
458 543 614 622 hequem
629 553 679 606 est
692 545 783 606 etiam
804 551 1060 621 tetrameter,
1080 557 1240 602 caesuram
1256 539 1320 600 ha·-

233 647 311 717 bens
326 648 359 708 in
374 648 436 712 fine
451 644 578 708 secundi
594 646 692 729 pedis.
727 647 870 710 Simmias
886 665 935 728 ap.
956 644 1052 725 Heph.

316 771 421 852 μᾶτερ
444 751 471 829 ολ
493 761 634 847 πότνια,
656 764 770 847 κλῦθι,
793 769 926 854 νυμφᾶν
949 759 1065 851 ἁβρᾶν,
1146 755 1150 767 ’

316 873 423 956 Δῶρι,
444 866 665 953 καμοκοάπων
685 860 777 958 ἥρω’
800 863 904 934 ἄλλων
925 869 1046 951 μυχοῖο.

231 990 315 1054 Idem
331 994 474 1056 Simmias
488 995 626 1075 neglecta
642 1010 787 1055 caesura:
831 990 834 996 ’

316 1109 371 1176 σοὶ
392 1108 453 1194 μὲν
475 1103 631 1188 adsume,
650 1101 813 1190 εἷλπωλος,
836 1103 1038 1194 ἕγχέςνοαλος

288 1279 292 1289 ,
317 1212 422 1280 δῶκεν
446 1208 569 1297 αἰχμὰν
587 1207 757 1290 Ἐνυάλιος
777 1203 943 1277 adonemi
959 1204 1055 1292 ἔχειν,

114 1354 121 1382 t
231 1337 316 1401 Idem
331 1349 421 1420 poeta
436 1339 596 1431 integrum·
606 1355 730 1399 carmen
747 1337 821 1408 lusit
835 1336 942 1398 solutis
958 1333 1094 1397 arsibus:

319 1454 357 1523 σέ
371 1477 456 1522 ποτε
470 1451 557 1533 Διὸς
569 1448 633 1520 dod
647 1452 787 1539 πύματα
803 1451 899 1544 νεαρὲ
913 1449 990 1540 κόρε
1005 1448 1212 1540 νεβροχίτων.

232 1578 293 1642 Alii
307 1579 463 1661 prioribus
479 1590 599 1643 tantum
615 1579 723 1642 solutis
737 1577 853 1661 pedum
870 1578 1006 1640 arsibus:

316 1695 503 1780 θυμολικὰν
516 1690 585 1778 ἴθι,
600 1691 723 1783 μάκαρ,
740 1692 955 1788 φιλοφρόνως
970 1689 1020 1772 εἰς
1034 1689 1114 1781 ἔριν.

232 1821 375 1883 Diversae
396 1821 583 1883 solutionum
607 1821 720 1883 formas
735 1818 954 1915 Aristophanes
969 1818 1063 1880 habet
1077 1819 1109 1880 in
1125 1817 1251 1895 Georgis
1267 1835 1319 1897 ap.

232 1925 395 2007 Hephaest.

319 2039 352 2110 tv
375 2036 481 2131 ἀγορᾷ
497 2035 526 2109 d'
543 2031 585 2108 αὖ
606 2038 778 2110 πλάτανον
793 2031 829 2107 οὗ
846 2036 1121 2130 άιαφοτοάσομον.

319 2284 435 2369 §204
462 2289 645 2350 Hexametro
660 2287 833 2350 catalectico
848 2303 926 2348 usus
941 2292 989 2346 est
1003 2281 1142 2365 Alcman,
1161 2283 1245 2346 unde
1261 2284 1326 2347 At-

234 2393 353 2453 cmanio
369 2393 440 2454 huic
455 2393 560 2454 versui
576 2409 703 2454 nomen:

319 2504 505 2600 Ἀφροδίτα
525 2506 586 2594 μὲν
609 2501 669 2575 οὐκ
692 2501 774 2589 ἔπι,
796 2503 923 2596 μάργος
945 2499 976 2572 δ’
996 2498 1120 2593 Ἔρως,
1146 2493 1203 2570 οἷα
1226 2507 1346 2589 scoies

815 2667 817 2671 .
854 2605 1010 2692 saetosa,

321 2709 394 2805 άκρ’
418 2711 471 2784 ἐπ’
494 2709 584 2806 doda
606 2710 790 2802 καβαλνων,
815 2706 837 2779 d
858 2710 903 2803 μή
923 2737 987 2840 μοι
1008 2709 1109 2804 &dmg
1123 2715 1179 2800 τῷ
1199 2737 1328 2780 nonos-

896 2838 1010 2904 ριοκῳ.

320 3060 437 3146 9205.
463 3064 666 3126 Inveniuntur
681 3063 773 3124 etiam
782 3062 892 3126 Cretici
908 3061 949 3122 ab
964 3061 1106 3122 anacrusi
1122 3060 1252 3126 iambica
1268 3063 1326 3122 in·-

236 3169 400 3251 cipientes:
420 3168 574 3248 Aristoph.
594 3167 625 3227 in
641 3167 716 3228 Pace
731 3185 761 3226 v.
784 3165 876 3226 ctat.

364 3280 491 3376 ἥδομαί
510 3277 550 3371 y',
569 3281 695 3374 ἥδομαι

321 3387 462 3475 κράνους
487 3381 750 3476 ἀπηλλαγμένος,

321 3499 423 3580 τυροῦ
443 3515 480 3558 ca
501 3491 559 3557 καὶ
580 3488 773 3579 κρομμύων·

322 3591 360 3661 οὐ
383 3593 444 3684 μὰρ
468 3595 601 3686 φιληδῶ
620 3592 755 3680 μάχαις.
810 3655 812 3662 ,

237 3719 311 3782 Vide
326 3718 366 3780 de
381 3721 439 3781 hoc
453 3739 547 3782 versu
562 3721 652 3782 etiam
669 3720 749 3782 intra
763 3717 801 3802 ξς
817 3721 889 3782 att.
910 3719 981 3782 270.

322 3959 438 4044 5206.
464 3961 576 4024 Multus
599 3970 646 4024 est
661 3961 849 4026 Creticorum
873 3977 949 4023 usus
971 3959 1056 4042 apud
1071 3962 1200 4040 tragicos
1218 3971 1249 4024 et
1264 3981 1321 4024 co-

238 4069 333 4129 micos
341 4069 559 4145 Romanorum,
574 4068 628 4146 qui
639 4063 924 4146 eademprosodiae
935 4065 1056 4127 licentia
1068 4083 1129 4146 qua
1146 4067 1177 4127 in
1193 4065 1319 4146 reliquis

240 4173 344 4232 metris
359 4179 500 4234 utuntur,
534 4167 620 4232 Vnde
636 4169 735 4232 sicubi
751 4169 913 4232 Molossum
929 4188 985 4249 pro
1000 4171 1119 4232 Cretico
1134 4178 1263 4249 ponunt,
1282 4167 1319 4228 de

229 4271 299 4354 'qua
322 4294 355 4336 re
381 4274 460 4336 dixit
481 4275 637 4336 Bentleius
667 4272 707 4334 ad
728 4274 789 4335 Cic.
815 4275 851 4346 Q.
879 4275 969 4334 Tus'c.
994 4273 1042 4334 ΙΙΙ.
1064 4276 1113 4335 49.
1144 4283 1175 4334 et
1197 4273 1317 4332 Terent.
