2896 4960
457 310 493 352 nn
508 305 713 350 anaemsrmrs
728 303 931 346 ιοτιοιωιειε.
1177 279 1236 342 133
1315 278 1318 286 ’

231 459 354 544 §aaa
395 463 472 525 Vere
501 460 672 543 anapaesti·
691 459 780 538 cyclii
809 457 840 519 hi
870 464 953 518 sunt.
1002 451 1112 516 hesch.
1146 453 1226 516 Pers.

144 569 221 629 95l.
242 569 314 629 958.

231 677 343 750 Ἰάνων
364 680 426 771 γάρ
448 679 593 771 ἀπηύρα.

232 781 438 872 δοςδαίμονά
460 780 488 853 τ’
513 780 627 854 εἰκτάν.

144 915 187 976 Et
202 931 231 974 v.
252 912 326 974 957.
359 911 466 992 Agant.
488 913 559 974 tto.

231 1023 346 1112 νυχίαν
366 1024 481 1098 πλάκα
502 1008 724 1116 κερσάμενοςά

231 1131 390 1221 δίθρονον
410 1128 543 1222 κράτος,
564 1127 724 1209 Ἑλλάδος
744 1126 837 1220 ἥβας.

144 1257 302 1338 Aristoph.
322 1256 378 1319 hv.
401 1261 494 1319 l³l6.

231 1372 407 1458 κατέχουσι
429 1368 458 1440 δ’
482 1369 601 1463 ἔρωτες
623 1371 708 1457 ἐμᾶς
728 1367 871 1449 πόλεως.

141 1521 206 1583 quo
223 1509 319 1562 metro
335 1519 412 1563 usus
428 1501 580 1562 Lucienus
596 1499 627 1560 in
644 1495 916 1578 Tragodopodegra
936 1497 1007 1558 leo.
1031 1513 1118 1576 seqq.

229 1705 345 1789 5396.
375 1709 534 1770 Praemisit
555 1708 689 1789 cyclium
711 1724 836 1769 versum
859 1703 1038 1785 vulgaribus
1060 1701 1233 1784 anapaestis
1364 1759 1367 1767 a

142 1811 299 1892 hrismph.
320 1813 386 1875 Pac.
407 1813 480 1874 943.

274 1924 424 2018 ἐπείγετε
446 1932 504 1994 νῦν
525 1925 559 1996 έν
582 1923 652 2018 ὅσῳ

229 2029 357 2121 σοβαρὰ
378 2032 505 2103 θεόθεν
526 2030 658 2116 κατέχει
679 2031 828 2117 πολέμου

227 2135 441 2224 μετάτροπος
462 2129 562 2224 αἷέρα.
584 2139 645 2205 νῦν
667 2132 728 2224 γὰρ
752 2133 882 2222 δαίμων

229 2245 382 2331 φανερῶς
404 2235 454 2318 εἷς
476 2234 593 2328 ἀγαθὰ
613 2236 841 2326 μεταβιβάζει.
969 2241 971 2246 ’

532 2684 645 2754 ΟΑΡ.
664 2683 851 2754 XXXIV.

331 2841 389 2910 De
416 2837 725 2932 anapaesticis
752 2836 1046 2931 logaoedicis

227 3006 345 3092 5397.
371 3009 580 3071 Irratienalem
596 3009 679 3070 arsin
695 3007 811 3070 habent
825 3009 917 3069 etiam
933 3006 1147 3088 anapaesti
1165 3006 1231 3066 lo-

137 3114 331 3194 gaoedici.
371 3115 487 3176 llorum
509 3111 728 3174 celeberrimus
750 3121 798 3176 cst
822 3131 933 3175 versus
952 3109 1229 3174 Archebuleus

139 3219 229 3280 cuius
252 3217 283 3279 in
306 3219 404 3298 primo
426 3215 507 3296 pede
527 3225 559 3278 et
577 3226 780 3297 anapaestum
802 3225 834 3280 et
856 3216 1030 3298 spondeum
1046 3225 1077 3278 et
1090 3217 1229 3280 iambum

137 3321 288 3401 inveniri,
308 3321 356 3384 his
368 3320 550 3400 pallimachi
565 3320 716 3400 exemplis
732 3319 822 3383 docet
837 3320 1036 3402 Hephaestio:

226 3432 333 3525 ἀγέτω
355 3434 457 3516 θεός·
480 3430 520 3502 ori
543 3431 606 3524 γάρ
629 3432 692 3520 ἔχω
717 3433 795 3521 δίχα
816 3431 913 3504 τοῖνδ’
937 3431 1073 3506 ἀείδειν.

227 3538 353 3630 νύμφα,
379 3539 418 3608 οὐ
441 3537 502 3625 μέν
524 3533 682 3624 οἷστερίαν
703 3534 759 3630 ὑφ’
783 3537 915 3626 ἅμαξαν
935 3534 1010 3631 ἤδη.

227 3643 396 3734 φιλωτέρα
418 3637 495 3732 άρτι
517 3641 579 3732 γὰρ
602 3639 624 3710 ἆ
645 3642 769 3712 Σικέλα
790 3637 975 3731 μέν’Ἐννα.

141 3768 205 3833 Sed
221 3771 345 3833 verisim
356 3771 384 3832 le
400 3777 464 3850 est,
483 3769 705 3834 Callimachum
721 3764 906 3856 φιλιωτέρα
922 3773 1093 3855 scripsisse,
1112 3781 1143 3837 et
1157 3775 1227 3855 pri-

142 3893 227 3936 mum
241 3872 355 3954 pedem
370 3893 432 3937 non
447 3875 507 3936 nisi
522 3884 725 3955 anapaestum
740 3884 796 3938 aut
810 3875 983 3958 spondeum
998 3877 1104 3940 luisse.

224 4078 341 4162 5398.
367 4079 460 4145 Aliud
475 4101 572 4163 genus
588 4083 682 4146 habet
695 4082 916 4166 Aristophanes
931 4087 963 4148 in
978 4082 1034 4150 Αν.
1056 4087 1110 4150 l3l
1121 4091 1149 4152 3.

222 4193 301 4282 rexi
324 4199 352 4265 δ
375 4193 416 4264 tv
438 4195 632 4289 πολυάνορα
653 4195 714 4270 τὰν
735 4195 845 4272 πόλιν.
