2896 4960
417 384 453 425 nn
469 383 602 425 runsmvs
619 383 762 445 mumma
778 383 891 424 ιιιιοιι.
1140 367 1199 424 145

107 537 144 597 In
162 537 313 599 trochaeis
328 545 431 598 autem
446 555 503 617 pro
517 537 617 598 lonico
631 537 739 616 positis
754 536 827 598 has:

213 647 238 694 L
252 647 327 694 uLv
360 647 460 695 ,ἰν-ὐ
488 645 532 734 ql.
546 647 621 694 uLv
656 642 705 694 LO

199 751 325 798 &⁹va
494 750 621 800 ύωέυ

212 854 237 901 .‘
257 853 339 902 -.ζυ
369 853 475 903 .’.-.’.υ
507 855 630 902 .'.-Lv

198 957 328 1006 &ss-Lu
368 957 474 1006 Lon-
507 958 631 1008 Aee-

198 1061 328 1108 ύυυέ.

105 1173 369 1255 Observandum,
401 1187 563 1238 caesuram
585 1195 653 1238 esse
675 1177 708 1237 in
730 1176 791 1238 fine
811 1175 966 1240 secundae
989 1175 1088 1257 sedis,
1119 1196 1199 1257 quae

105 1287 215 1339 tamen
242 1280 422 1359 saepissime
448 1281 620 1361 negligitur.
666 1282 772 1360 anue
799 1280 890 1343 sedes
916 1281 1008 1343 etiam
1034 1282 1197 1344 Molossum

105 1381 176 1443 sola
198 1382 309 1464 habet,
339 1391 370 1445 ei
392 1385 557 1463 ancipitem
580 1386 612 1445 in
637 1385 697 1446 fine
720 1385 812 1446 lonici
834 1385 1029 1466 saepissime,
1060 1404 1140 1465 quae
1166 1387 1198 1445 in
1293 1443 1300 1470 q

104 1485 211 1564 prima
226 1488 378 1567 tertiaque
393 1486 468 1550 sede
484 1485 575 1552 valde
590 1507 659 1550 rara
674 1490 740 1551 esi.v

197 1691 222 1774 ξ
236 1690 314 1759 426.
341 1695 544 1758 Vsiiatissima
559 1695 656 1757 forma
671 1713 782 1760 versus
797 1696 874 1758 haee
889 1706 953 1759 est:

197 1796 300 1881 αὐτὸς
320 1801 382 1892 γὰρ
406 1801 469 1870 ἐὼν
490 1803 693 1894 παντογενης
715 1799 734 1870 ὁ
757 1800 869 1872 πάντα
891 1808 1017 1893 γεννῶν.

105 1919 222 1980 Rarius
237 1937 344 1984 omnes
358 1918 456 2001 pedes
471 1907 525 1983 aut
540 1922 632 1982 ionici
647 1931 731 2004 sunt,
750 1931 786 1984 ui

196 2019 238 2092 ἂν
258 2034 479 2120 χρυσοφορῇς,
502 2031 603 2095 τοῦτο
624 2025 723 2120 τύχης
744 2025 834 2096 ἔστιν
856 2025 1003 2116 ἔπαρμα,

105 2151 164 2207 aui
178 2143 324 2225 trochaei,
345 2153 381 2208 ut

197 2248 244 2330 ὡς
264 2249 367 2342 πένης
387 2253 499 2321 θέλων
521 2250 605 2337 ἔχειν
626 2252 685 2320 καὶ
705 2249 869 2332 πλούσιος
889 2250 994 2320 πλέον
1015 2255 1113 2336 σχεῖν.
1207 2273 1211 2283 ·

107 2368 304 2431 Soiuiionum
321 2371 498 2450 exemplum
513 2371 572 2432 hoc
586 2371 642 2432 sit:

197 2471 268 2544 ἔνθ’
292 2473 408 2561 οἱμὲν
430 2472 483 2545 ἐπ’
507 2470 644 2567 ἄκραισι
665 2479 789 2566 πυραῖς
810 2475 921 2556 νέκυος
943 2473 1077 2544 ἔκειντο.

195 2583 254 2669 γῆς
276 2577 334 2647 ἐπὶ
357 2579 458 2672 ξένης,
482 2575 615 2672 ὀρφανὰ
636 2577 748 2663 τείχεα
770 2577 995 2668 προλιπόντες

191 2677 353 2762 Ἑλλάδος
375 2681 477 2774 ἱερῆς,
501 2683 559 2752 καὶ
579 2681 682 2769 μυχὸν
705 2679 817 2774 ἑστίης
838 2679 1007 2773 πατρῴης,

196 2782 280 2876 ἥβην
300 2780 329 2853 τ’
353 2784 481 2877 ἐρατήν,
504 2791 561 2855 καῖ
582 2785 684 2854 καλὸν
705 2783 802 2877 ἡλίου
825 2784 1015 2876 πρόςωπον.

106 2913 194 2985 Quos
208 2931 321 2975 versus
336 2913 390 2993 qui
406 2914 553 2993 afferunt,
576 2913 742 2994 Dionysius
757 2911 796 2974 de
812 2931 947 2994 compos.
966 2911 1053 2974 verb.
1072 2930 1099 2973 c.
1121 2914 1149 2974 i.
1168 2921 1200 2974 et

108 3017 316 3096 Hermogenes
341 3035 372 3098 p.
394 3016 444 3078 76.
477 3016 538 3100 (94.
557 3035 622 3097 seq.
642 3016 691 3079 ed.
710 3015 793 3099 Am.)
819 3035 881 3078 non
903 3017 982 3078 bene
1005 3025 1198 3098 perspectam

107 3137 142 3180 se
158 3119 253 3181 huius
269 3121 359 3181 metri
374 3129 517 3184 naturam
533 3119 679 3182 habuisse
694 3119 840 3200 produnt.

196 3321 320 3406 3427.
362 3327 410 3388 Ex
435 3327 550 3390 Latinis
576 3326 730 3407 eleganies
757 3327 874 3389 Ionicos
900 3325 972 3388 fecit
997 3325 1199 3388 Terentianus

107 3433 245 3495 Maurus.
280 3431 361 3492 Vsus
379 3429 429 3492 his
444 3440 493 3493 est
506 3431 598 3492 etiam
613 3431 756 3511 Plautus,
782 3439 934 3511 quantum
950 3427 1075 3509 quidem
1092 3431 1201 3491 coniici

106 3542 227 3614 potest,
253 3541 365 3613 atque,
390 3545 425 3596 ut
439 3533 577 3614 videtur,
597 3553 658 3596 non
674 3532 766 3595 modo
781 3532 927 3614 Sotadeo,
953 3532 1116 3594 sedetiam
1133 3533 1200 3595 aliis

110 3636 318 3700 brevioribus
361 3637 510 3700 Sotadeos
535 3635 630 3699 habet
654 3639 686 3699 in
711 3636 783 3700 Aul.
802 3636 837 3698 ΙΙ.
860 3639 887 3717 i,
909 3637 959 3698 30.
984 3656 1070 3717 seqq.
1097 3637 1145 3697 111.
1167 3637 1195 3698 λ.

109 3739 222 3821 Amph.
243 3742 265 3802 1.
287 3743 316 3820 i,
338 3743 388 3802 ii.
408 3759 495 3821 seqq.
522 3742 582 3802 Hos
598 3740 732 3821 exempli
748 3759 857 3803 caussa
873 3738 1039 3820 adscripsi:

195 3855 354 3934 noctesque
369 3852 489 3935 diesque
505 3853 627 3916 assiduo
642 3855 719 3916 sotis
733 3856 883 3935 superque
898 3861 951 3927 est,

198 3959 256 4039 ηαό
270 3955 352 4036 fricto
368 3956 514 4020 cerdicio
530 3957 614 4020 adest
628 3955 712 4038 epeia,
732 3959 848 4039 quietus
863 3959 902 4018 oe
915 3957 968 4019 αἰ.

197 4063 261 4143 ipse
278 4061 415 4122 dominus
432 4060 515 4122 dices
532 4060 629 4140 operis
645 4063 672 4123 et
688 4059 800 4122 loboris
816 4061 936 4142 copem,

197 4163 403 4245 quodcumque
418 4163 532 4224 λοοιιίινΙ
546 4163 658 4226 occidit
673 4161 774 4242 licere,
795 4163 991 4242 posceretur.

169 4251 173 4260 ’
198 4271 325 4349 aequom
342 4269 404 4328 esce
415 4268 516 4347 puerit,
535 4267 594 4328 οόιι
609 4268 740 4346 repatuit,
761 4265 874 4327 laberis
887 4263 962 4345 quid
975 4263 1025 4324 sii.

159 4383 281 4425 Hermenni
291 4383 395 4434 Epitomo
407 4382 477 4424 doctr.
489 4381 601 4423 metrime.
962 4381 993 4431 10
