2896 4960
609 379 665 422 Lm.
685 379 716 420 ΙΙ.
751 378 813 421 ΟΑΡ.
832 377 950 420 xxxvm.

442 529 621 616 κρατεραῖς
641 524 764 604 πέδαις
785 550 821 594 τε
843 525 945 615 δῆσαι

442 631 606 718 θαλεροῖς
627 626 716 708 νέοις
736 653 773 697 τε
795 629 914 710 δεῖξαι.

326 743 365 802 15
488 726 570 800 ὃδὲ
590 729 692 823 νόσφι
713 736 780 799 τοῖν
802 729 949 822 ῥεέθρων

233 823 237 833 ’
441 834 611 929 ὑπέφευγε
625 839 828 925 ,προςγελαῖν
849 859 921 920 μοι,

444 938 530 1008 ποτὲ
550 937 611 1024 μέν
633 936 718 1006 ποσί
739 933 933 1027 προβαίνων

445 1041 530 1111 ποτὲ
551 1041 590 1110 δέ
612 1045 750 1129 πτεροῖς
772 1036 931 1110 ἀλύσκων.

487 1143 610 1234 πικρὸς
629 1136 669 1235 ἦν
690 1141 885 1232 δπόπτερύς
905 1171 942 1214 τε

325 1260 365 1320 20
443 1245 689 1328 πολυποίκιλός
711 1274 747 1316 τε
765 1245 883 1337 μύθῳ,

445 1349 698 1431 πολυδαίδαλος
719 1351 759 1419 τὸ
782 1344 884 1435 εἶδος,

446 1452 658 1545 πολυήρατος
678 1454 718 1522 τὸ
741 1453 874 1534 κάλλος.

395 1561 505 1626 παῖδα
529 1554 725 1645 δῖοτοβόλον
748 1556 896 1651 φεύγετε,
921 1565 1039 1647 κοῦροι

395 1659 549 1751 εύγενέων
571 1659 732 1752 λογάδων,
755 1659 996 1754 Ἅφρογενείης.

328 1776 368 1836 25
491 1762 612 1856 γυμνὸς
631 1755 671 1855 ἦν
693 1760 879 1857 ἀνάρβυλός
899 1791 946 1850 τε,

448 1868 530 1960 πυρί
552 1864 581 1936 δ’
605 1861 733 1948 είκελος
753 1867 795 1936 τὰ
818 1862 948 1938 πάντα·

448 1972 518 2044 ἀπὸ
540 1967 570 2040 δ’
593 1967 753 2059 ὀμμάτων
774 1970 908 2058 βολάων

448 2075 610 2171 φλογερὴν
632 2073 782 2163 ἔπεμπεν
805 2071 930 2167 αύγλην.

490 2180 611 2273 έρατην
633 2180 744 2273 φέρων
767 2178 933 2272 φαρέτρην

446 2282 694 2375 πεπυρωμένων
715 2282 892 2369 βελέμνιυν,

449 2386 627 2479 έπίχρυσον
650 2380 718 2472 εἶχε
739 2384 837 2469 τόξον

447 2492 691 2578 κεκολασμένον
712 2486 785 2560 κατ’
808 2483 916 2577 ἀίμων.
1036 2522 1039 2528 ·

397 2596 515 2685 μικρὸν
537 2594 605 2680 ἔχει
625 2596 665 2663 τὸ
687 2596 796 2683 βέλος,
818 2594 930 2686 μακρὰ
953 2597 992 2665 δέ
1012 2594 1141 2683 βάλλει,

398 2694 437 2770 ὃν
459 2698 497 2768 δέ
517 2697 616 2790 βάλῃ,
642 2697 781 2787 πυρόεις
802 2692 937 2790 οἶστρος
959 2697 1098 2770 έλαύνει.
1180 2784 1186 2793 .

330 2813 370 2872 35
492 2801 647 2893 γλυκερὴν
668 2795 740 2870 λίπα
761 2809 906 2894 προῆκεν

450 2905 509 2973 διὰ
530 2904 588 2973 τδν
610 2904 725 2974 πόθον
747 2907 857 2976 λαλῶν
878 2931 949 2992 μοι,

451 3007 583 3097 λιγυρὸν
604 3008 706 3094 μέλος
727 3004 877 3098 λυρίζων,

450 3109 609 3202 καθάπερ
631 3108 766 3202 Πρόκνη
788 3108 860 3179 κατ’
883 3106 995 3196 ἀλσος.

493 3212 652 3306 παλάμην
674 3207 758 3303 ἀγαν
779 3221 939 3307 βραχεῖαν

331 3330 370 3390 λθ
449 3316 626 3406 λπεμειδία
648 3318 846 3408 κραδαίνων.

451 3421 659 3492 ἐπεδείκνυεν
681 3421 720 3492 δὲ
740 3422 861 3514 ταύτην

451 3534 635 3619 προφανῶς
656 3525 696 3595 τὸ
718 3533 787 3618 πύρ
811 3522 983 3622 ἀφάσσων.

494 3625 719 3720 ἀναγαλλίδας
740 3634 927 3723 παρῆλθεν,

450 3730 489 3802 ῖα
510 3732 568 3801 καί
589 3731 730 3824 κρόκοις
751 3734 918 3827 παρέπτη.

336 3847 372 3906 45
450 3834 606 3928 Ζεφύρου
630 3836 737 3918 πνοὰς
758 3837 820 3929 γὰρ
844 3832 930 3926 εἶχεν

451 3935 701 4020 κατοπισδίους
721 3940 858 4030 λιγείας.

399 4042 438 4113 τὸ
460 4041 586 4134 βρέφος
607 4047 667 4134 τῆς
687 4041 830 4137 Παφίης
851 4045 999 4139 φεύγετε,
1022 4055 1146 4142 κοῦροι.

400 4143 539 4240 ἀφανῶς
559 4145 641 4230 τόξα
663 4145 786 4217 πόθων
809 4146 935 4240 ἀγκύλα
956 4151 1066 4224 τείνει.
