2922 4948
229 344 291 406 254
617 359 673 404 ιιι.
693 361 739 404 nt.
766 363 829 404 oar.
847 361 924 405 nn.

313 509 430 594 §⁰99-
464 513 507 575 λι
522 513 644 576 dicatur
658 517 757 597 primo
773 515 812 577 de
834 515 1223 595 interpellationibus
1247 535 1331 576 an-

229 617 559 697 tistrophieorum.
592 620 668 679 Nam
691 619 847 681 interdum
864 619 912 680 vel
936 620 1034 680 aliena
1056 637 1185 699 persona
1202 618 1331 698 aliquid

228 721 468 802 interloquente,
496 723 542 782 vel
564 722 676 802 rehuS,
703 741 783 803 quae
805 723 837 784 in
858 741 948 785 soena
965 733 1115 806 aguntur,
1141 724 1200 784 alio
1214 723 1328 803 aliquo
1458 803 1459 810 ἵ

229 824 320 888 modo
335 826 541 904 conturbatis,
568 827 708 888 consulto
727 845 882 888 reoessum
897 837 947 889 est
961 827 1002 889 ab
1017 828 1067 889 illa
1085 828 1326 908 responsionum

228 929 429 1008 aequalitate,
460 948 522 991 nou
546 929 671 1009 quidem
695 941 787 992 uteo
810 931 985 1013 tolleretur,
1014 929 1071 992 sed
1093 941 1129 991 ut
1153 932 1327 992 interiectis

227 1033 336 1094 alienis
351 1033 608 1114 interpellaretur.

315 1219 443 1305 5700.
492 1176 613 1304 insigne
648 1224 824 1287 huiusmodi
859 1225 1108 1305 interpellationis
1141 1225 1326 1307 exemplum

229 1327 285 1390 tt.
306 1329 499 1406 Tyrwhittos
519 1328 736 1392 animadvertit
757 1332 788 1390 in
803 1329 961 1411 Euripidis
985 1331 1056 1391 lone
1075 1349 1093 1392 a
1118 1349 1147 1390 v.
1167 1329 1241 1392 2l9.
1274 1329 1326 1392 lbi

228 1431 367 1492 oboricae
382 1431 528 1492 mulieres
544 1431 619 1493 duni
636 1434 716 1496 inter
730 1453 764 1494 se
780 1452 904 1494 cannen
918 1433 1172 1514 antistrophieum
1189 1444 1321 1512 eanum,

228 1535 261 1594 in
276 1533 413 1596 secunda
429 1529 618 1616 antistropha
635 1537 737 1598 lonem
759 1536 958 1617 compellant,
984 1539 1039 1618 qui
1061 1535 1228 1619 respondet
1244 1556 1325 1598 ver-
1390 1521 1401 1542 ’

229 1637 318 1698 sibus
333 1640 545 1720 anapaesticis,
571 1641 673 1704 nullos
689 1643 719 1702 in
736 1641 860 1720 stropha
876 1641 951 1703 alios
966 1650 1149 1722 anapaestos
1164 1643 1326 1722 oppositos

229 1741 436 1822 habentibus,
461 1745 502 1805 ita
520 1753 556 1806 ut
569 1745 776 1824 antistropha,
796 1747 885 1806 euius
901 1745 1026 1827 stropha
1042 1763 1104 1806 uno
1120 1754 1225 1806 tenore
1240 1765 1326 1812 eon:

230 1856 291 1907 tata
308 1846 426 1926 iuerat,
453 1867 536 1910 nune
551 1850 773 1930 particulatim,
800 1848 1023 1929 interloquente
1039 1847 1217 1911 idemtidem
1234 1849 1322 1930 lone,

229 1960 373 2012 canatur:
398 1951 427 2010 in
444 1970 505 2032 qua
523 1971 555 2012 re
571 1951 800 2015 observandum
817 1961 874 2032 est,
894 1951 1030 2031 syllabas
1046 1953 1155 2014 finales
1170 1972 1325 2014 versuum

228 2064 259 2114 et
280 2053 505 2134 strophiooruni
527 2066 558 2117 et
578 2057 866 2137 antistrophioorum
889 2075 952 2118 non
967 2057 1004 2117 iis
1019 2055 1165 2137 syllabis,
1191 2059 1326 2136 quaein

230 2177 355 2240 quoque
369 2178 482 2239 genere
496 2159 660 2222 suceedere
675 2159 847 2240 debebant,
872 2155 929 2222 sed
946 2161 997 2240 tis,
1016 2179 1097 2242 quae
1113 2179 1146 2220 re
1161 2179 1234 2220 vera
1251 2170 1327 2221 sta-

97 2283 105 2295 *
230 2264 283 2323 tim
310 2274 487 2344 sequuntur
512 2265 553 2325 ab
579 2265 674 2326 altero
699 2267 929 2344 pronuntiatae,
962 2263 1210 2327 accommodatas
1237 2283 1321 2325 esse.

229 2365 425 2447 hhtistropha
454 2368 505 2429 illa
533 2387 604 2430 euni
635 2370 903 2450 interpellantibus
929 2391 997 2432 earn
1028 2367 1208 2430 idemtidem
1240 2387 1327 2430 aua-

229 2472 343 2549 paestis
359 2471 434 2548 haee
448 2482 505 2533 est.

366 2593 408 2654 X.
435 2585 474 2656 σέ
494 2611 560 2670 τοι,
582 2585 641 2655 τόν
662 2587 757 2676 παρὰ
779 2588 859 2657 ναίν
881 2585 942 2656 αό-

366 2693 426 2773 όιῦ,
449 2689 552 2775 θέμις
572 2688 702 2780 γυάλων
724 2688 826 2780 όπιρ-

408 2791 511 2884 βῆναί
530 2819 591 2879 μοι
612 2793 698 2862 nodi
719 2796 847 2884 λιννῷς

316 2903 343 2963 1.
367 2893 415 2962 σά
438 2896 577 2987 θέμις,
598 2889 627 2966 ὦ
649 2898 770 2980 ξέναι.

369 3007 410 3068 Χ.
433 2991 486 3086 ἆρ’
505 2994 610 3080 όντως
628 3002 733 3087 μέσον
755 2998 912 3094 ὀμφαλόν

411 3111 473 3192 γᾶς
496 3102 626 3192 Φοίβου
648 3104 779 3190 κατέχει
802 3104 925 3192 όόμσςς

316 3213 344 3273 1.
367 3205 579 3293 στέμμασί
599 3204 627 3297 y'
650 3207 836 3294 ένόοτόν,
860 3206 970 3305 άμφὶ
992 3211 1038 3280 δὲ
1061 3208 1277 3301 Γοργόνες.

461 3317 502 3378 Χ.
525 3310 613 3379 οὕτω
636 3313 693 3381 ναὶ
714 3313 819 3406 φάτις
839 3310 939 3408 αόόᾷ.

318 3420 344 3480 1.
368 3410 407 3480 el
427 3413 503 3499 μὲν
524 3414 700 3485 ἐθύσατε
721 3418 907 3486 πέλανον
929 3420 1013 3510 πρὸ
1036 3421 1192 3508 δόμων,

367 3515 438 3582 καί
460 3544 499 3585 τι
521 3520 744 3588 πυθέσθαι
764 3521 935 3614 χρῄζετε
959 3522 1137 3612 Φοίβου,

367 3616 505 3707 πάριτ’
528 3618 592 3701 εἷς
612 3623 812 3708 θυμέλας·
835 3624 905 3695 ἐπὶ
926 3623 957 3696 δ’
979 3623 1220 3720 ἀσφάκτοις

366 3722 541 3814 μήλοισι
563 3726 702 3811 δόμων
721 3727 773 3820 μὴ
796 3726 939 3818 πάριτ’
962 3728 1024 3811 οἷς
1042 3732 1181 3818 μυχόν.

411 3833 454 3892 Χ.
477 3823 541 3910 ἔχω
561 3835 742 3914 μαθοῦσα·
763 3840 851 3901 θεοῦ
872 3833 912 3902 δὲ
932 3834 1036 3922 νόμον
1058 3831 1098 3906 od
1122 3861 1236 3926 παρα-

410 3927 587 4014 βαίνομεν
612 3927 635 3999 ά
657 3929 688 4000 δ’
711 3933 816 4020 λιτάς,
840 3931 933 4024 όμμα
955 3937 1085 4032 τέρψει.

317 4040 345 4099 1.
367 4032 506 4101 πάντα
526 4031 690 4120 θεᾶσθ’,
715 4035 736 4106 ό
755 4065 796 4107 τι
818 4041 889 4109 καὶ
910 4042 1056 4128 θέμις,
1082 4036 1249 4129 άμμασι.

460 4143 500 4203 Χ.
522 4144 689 4223 μεθεῖσαν
710 4143 875 4212 δεσπόται

409 4245 497 4305 θεοῦ
515 4266 559 4324 με
580 4243 686 4330 γύαλα
711 4239 785 4311 τάδ’
807 4243 952 4326 ελςιάιῖν.
