2930 4962
167 396 170 405 ι
243 354 284 416 52
643 373 700 416 tm.
720 373 752 416 u.
778 371 841 416 oar.
859 371 917 416 m.

246 527 302 588 llic
323 525 349 588 si
376 545 416 587 ex
441 527 707 606 grammaticorum
729 527 880 588 sententia
906 527 985 590 ictus
1010 532 1184 604 ponuntur,
1212 523 1331 602 pariter

244 630 431 711 pervertitur
446 647 605 710 numerus,
623 631 763 694 trochaeo
777 638 895 694 mutato
910 631 942 690 in
957 628 1279 709 proceleusmaticum:

330 749 356 779 υ
368 729 373 816 Ι
386 735 489 779 ww
501 728 506 816 p
519 767 540 778 -
787 727 789 730 ’

245 837 294 898 sin
320 855 359 898 ex
385 845 489 898 nostra
514 838 683 916 sententia,
712 835 831 898 loborat
855 835 1122 916 grammaticorum
1149 834 1328 914 descriptio,

245 938 348 1001 iamho
362 941 394 1000 in
408 940 714 1020 proceleusmaticum
728 948 862 1002 mutato:

329 1044 430 1089 υυύυ
444 1040 449 1128 Ι
461 1042 511 1090 υέ

245 1144 285 1207 At
307 1147 357 1208 hic
377 1165 501 1228 quoque
523 1165 584 1208 non
607 1144 702 1208 dubia
725 1145 903 1208 auctoritate
926 1145 1022 1208 Latini
1045 1153 1152 1226 poetae
1174 1164 1192 1206 a
1215 1145 1334 1206 nostris

244 1249 385 1331 partibus
407 1257 500 1312 stant.
532 1249 697 1311 EGraecis
719 1250 817 1330 poetis
836 1268 898 1310 non
920 1249 1020 1311 haheo
1042 1247 1220 1327 exemplum
1235 1249 1335 1309 huius

243 1352 376 1433 formae,
402 1352 488 1433 quod
502 1354 543 1414 ita
559 1362 677 1414 certum
692 1352 749 1432 sit,
774 1363 811 1416 ut
832 1354 1049 1414 correctionem
1065 1351 1219 1414 excludat.
1252 1348 1335 1411 Ari-

243 1457 343 1538 stoph.
357 1456 479 1518 Thesm.
491 1457 564 1518 285.
591 1457 786 1518 Damoxenus
797 1455 883 1538 apud
893 1454 1086 1518 Athenaeum
1097 1456 1146 1516 Ill.
1161 1474 1192 1533 p.
1203 1458 1215 1517 t
1225 1458 1275 1515 03.
1287 1453 1331 1515 Α.

329 1553 365 1623 τί
384 1551 551 1637 πόπανον,
568 1551 662 1632 ὅπως
676 1555 829 1641 λαβοῦσα
843 1552 941 1623 θύσω
956 1558 1031 1621 ταῖν
1046 1555 1158 1621 θεαῖν.

330 1653 436 1754 miore
451 1651 481 1724 δ’
497 1652 652 1749 ἀφεστὼς
666 1655 950 1748 παρακελεύομαι,
965 1655 1086 1726 πόθεν.

330 1869 353 1950 ᾗ
371 1866 444 1934 159.
472 1870 572 1932 Tertia
587 1870 664 1932 ratio
679 1879 726 1932 est
740 1870 832 1933 haec:

330 1989 356 2020 υ
367 1971 391 2018 L
421 1989 447 2020 υ
462 1971 485 2018 .'
499 1971 504 2058 Ι

330 2097 403 2140 ..w
411 2091 487 2140 wL

244 2196 372 2258 Itanon
399 2205 550 2278 repugnat
575 2195 693 2278 legibus
720 2199 1005 2279 grammaticorum,
1034 2197 1091 2260 sed
1113 2206 1218 2277 aperte
1241 2199 1334 2260 vitiat

245 2319 419 2381 numerum,
439 2301 744 2382 proceleusmaticum
759 2319 815 2382 pro
830 2302 972 2363 trochaeo
987 2301 1153 2362 exhibens:

330 2403 501 2541 :leowlss

245 2559 351 2640 anue
373 2561 571 2640 rationeque
593 2559 679 2639 apud
701 2560 849 2640 Graecos,
875 2579 977 2640 neque
999 2559 1085 2639 apud
1104 2561 1243 2637 Latinos,
1269 2561 1333 2623 nisi

244 2664 277 2724 in
292 2665 414 2745 paucis,
440 2665 540 2744 iisque
555 2665 721 2746 corruptis,
743 2672 798 2727 aut
811 2683 867 2745 per
882 2666 1127 2746 synecphouesin
1141 2663 1331 2726 adiuvandis

200 2841 204 2852 Ι
244 2766 317 2830 locis
337 2768 502 2828 invenitur.
540 2767 720 2831 Cuiusmodi
741 2776 832 2846 suut,
859 2767 914 2829 uhi
938 2767 1126 2846 beneficium,
1151 2766 1330 2848 maleficium

244 2877 391 2948 quattuor
412 2868 539 2949 syllabis
562 2872 810 2951 pronuntiantur.
843 2871 918 2932 Nam
942 2879 980 2931 ut
993 2869 1065 2932 hene
1080 2879 1111 2930 et
1125 2870 1202 2932 mole
1217 2871 1331 2930 extrita

244 2974 344 3054 pn'ore
359 2973 455 3035 vocali
471 2972 617 3035 videntur
630 2974 804 3054 protulisse,
819 2974 861 3036 ita
877 2975 968 3035 etiam
984 2972 1130 3035 dixerunt
1145 2973 1236 3053 vulgo
1253 2973 1332 3034 hae-
1374 2955 1379 2970 ’
1438 2975 1441 2982 ’

242 3078 355 3157 ficium,
374 3075 543 3155 mleficium.
569 3078 690 3140 Terent.
710 3077 791 3141 Eun.
810 3079 832 3139 l.
852 3079 882 3158 9,
903 3079 953 3140 69.

331 3198 417 3278 cupio
432 3197 547 3279 άὶἱααοα
557 3214 671 3276 parere
686 3199 799 3260 amicos
813 3197 951 3279 beneficio
965 3215 1038 3260 meo.

245 3317 427 3380 Tractaruut
440 3317 521 3378 hanc
535 3335 600 3378 rem
617 3336 739 3380 omnem
754 3319 904 3401 Reisigius
924 3320 955 3380 in
975 3319 1109 3383 Coniect.
1128 3338 1159 3398 p.
1180 3322 1231 3382 86.
1263 3318 1332 3382 Dua

245 3419 358 3484 hraeus
373 3421 405 3482 in
420 3413 659 3502 Aristophaniois
678 3427 719 3504 (p.
740 3423 825 3506 426.)
846 3434 877 3487 et
895 3423 1028 3504 cupidus
1049 3421 1192 3484 defensor
1206 3424 1331 3504 Reisigii

244 3523 401 3586 Honorius
424 3526 457 3586 in
478 3526 586 3587 Exere.
610 3526 676 3588 crit.
702 3528 734 3588 in
757 3527 887 3589 comicos
910 3529 962 3590 Gr.
988 3547 1014 3588 c.
1040 3527 1089 3589 tv.
1114 3545 1145 3606 p.
1167 3530 1217 3587 90.
1236 3546 1326 3607 seqq.

245 3628 293 3688 cui
320 3627 648 3709 responditFrankius
673 3631 706 3691 in
731 3631 832 3693 Jahnii
858 3629 969 3692 Annal.
999 3631 1092 3692 tuat.
1118 3631 1140 3689 l.
1166 3648 1198 3709 p.
1219 3632 1270 3693 tt.
1297 3639 1331 3691 et

244 3748 354 3809 parum
370 3741 440 3810 apte
456 3733 591 3796 hitterus
606 3735 639 3795 in
654 3733 763 3798 Dium.
781 3733 875 3796 schol.
897 3736 990 3796 t830.
1009 3751 1041 3794 n.
1063 3735 1133 3796 tta.

329 3936 354 4019 ἦ
371 3935 445 4004 160.
479 3941 545 4003 Vna
567 3950 671 4004 tamen
686 3937 858 4002 conditione
873 3939 979 4004 Graeci
994 3940 1098 4002 comici
1114 3938 1162 4020 id,
1187 3939 1271 4021 quod
1286 3940 1329 4003 ad

245 4060 443 4105 numerorum
459 4045 608 4106 rationem
623 4062 756 4124 pravum
771 4043 909 4125 videtur,
933 4043 1238 4126 proceleusmaticum
1259 4043 1329 4107 dico

245 4164 300 4225 pro
315 4147 467 4228 trochaeo,
482 4146 638 4211 interdum
653 4167 715 4210 non
730 4146 914 4211 dubitarunt
928 4146 1106 4210 admittere:
1126 4146 1181 4208 sed
1197 4165 1231 4208 ea
1248 4167 1328 4208 con·-

245 4248 319 4312 ditio
334 4252 404 4313 talis
419 4259 480 4330 est,
506 4261 541 4312 ut
556 4261 712 4315 removeat
725 4253 957 4331 perversitatem
978 4251 1108 4315 numeri.
1141 4250 1217 4312 Nam
1234 4268 1327 4313 versu
