2930 4962
229 375 267 416 nr
284 373 522 418 eourmmrrorm
538 373 648 418 ιιιιιιιιιι
664 371 822 416 raocmmr
837 373 910 416 arro
924 372 1071 416 rouaros.
1152 352 1192 416 63

102 527 236 588 haerent
246 549 253 586 :
264 533 266 540 '
279 528 306 588 si
320 546 383 590 nou
397 528 577 608 cohaerent,
603 528 679 590 satis
698 535 745 590 est
767 537 907 590 constare
930 543 982 587 eas
998 545 1036 588 cx
1052 524 1193 587 versibus

102 629 289 692 catalecticis
305 630 356 692 vel
371 630 559 694 acatalectis:
578 632 627 694 sin
644 625 829 711 cohaerent,¹
849 650 911 693 uno
933 628 1126 709 dipodiarum
1142 637 1194 689 te-

100 751 177 793 nore
202 752 276 794 oum
292 736 453 816 versibuS‚
480 735 596 815 quibus
610 736 734 796 iunctae
756 744 846 814 sunt,
872 733 1043 796 continuari
1065 730 1189 794 debent.

100 837 214 916 ltaque
229 855 325 918 quam
340 858 380 902 cx
395 840 526 916 Caecilio
540 839 712 906 clausulam
726 838 816 900 affert
830 839 978 900 Rufinus:

192 959 228 1022 di
241 959 311 1021 boni
321 960 394 1040 quid
408 960 471 1038 boc,

100 1079 127 1139 si
143 1078 208 1140 luit
222 1079 380 1158 clausula,
404 1090 458 1143 aut
474 1081 543 1144 boui
564 1081 811 1160 monosyllabum
834 1097 901 1142 esse
917 1076 1040 1157 debuit,
1068 1086 1103 1139 ut
1117 1095 1194 1138 ver-

101 1202 157 1244 sus
174 1191 261 1244 esset
271 1193 462 1246 monometer
474 1185 668 1266 acatalectus‚
688 1194 743 1247 aut
753 1183 975 1266 corripiebatur
987 1182 1049 1261 hoe,
1064 1199 1194 1244 numero

101 1305 173 1347 cum
200 1295 351 1365 sequente
367 1305 460 1349 versu
475 1297 667 1370 perpetuale.
701 1288 764 1351 Sed
785 1287 991 1350 fortassenon
1007 1284 1103 1366 magis
1118 1284 1194 1344 haec

104 1388 162 1451 luit
184 1389 345 1469 clausula,
378 1409 473 1471 quam
504 1391 600 1456 luisse
622 1389 747 1454 videtur
776 1390 860 1472 quod
890 1389 973 1452 idem
1000 1408 1040 1450 ex
1061 1387 1193 1449 Terentii

17 1515 18 1520 ¹
107 1490 525 1574 adelph.1v.r,t.affert:

192 1610 365 1676 discrucior
380 1616 477 1678 animi
485 1663 492 1696 ,
511 1613 521 1700 ll
536 1617 637 1679 hocine
652 1616 727 1679 mihi
740 1615 815 1678 matt
830 1615 866 1678 de
882 1613 1044 1696 improviso
1058 1612 1154 1674 obiici.

110 1733 146 1794 dc
161 1753 224 1814 quo
241 1753 271 1795 v.
284 1733 382 1795 Elem.
403 1733 434 1795 d.
447 1753 487 1796 m.
506 1755 537 1816 p.
553 1737 624 1797 432.
650 1737 846 1815 Quamquam
860 1735 935 1795 haec
943 1732 1123 1794 Terentiana
1138 1748 1194 1810 per

110 1856 255 1898 numeros
270 1836 397 1918 quidem
413 1836 485 1898 ferri
499 1846 619 1920 posset,
638 1839 665 1900 si
681 1839 851 1900 trochaicus
866 1853 976 1899 versus
992 1842 1189 1915 sequeretur:

114 1943 183 2020 quia
197 1961 295 2022 quum
311 1941 574 2021 hypercatalectus
590 1943 630 2003 sit
644 1941 694 2004 hic
708 1941 897 2021 versiculus,
924 1938 1075 2001 iambicus
1091 1947 1193 2000 tamen

119 2053 178 2124 est,
203 2048 269 2124 qui,
295 2046 322 2106 si
337 2045 535 2125 hypermeter
554 2054 619 2125 est,
644 2064 706 2106 non
721 2045 799 2107 tollit
813 2046 967 2105 incessum
985 2061 1040 2124 per
1055 2039 1193 2121 dipodius

121 2147 292 2228 trochaicus,
317 2147 401 2228 quod
422 2167 484 2209 non
505 2157 552 2210 est
572 2150 603 2208 in
625 2148 676 2209 illo
690 2148 830 2227 Caecilii,
856 2147 881 2209 si
900 2147 927 2207 is
942 2147 1079 2225 quinque
1094 2144 1193 2224 plenis

17 2301 18 2304 ,
115 2250 238 2330 syllabis
252 2253 488 2333 pronuntiatur:
507 2271 538 2315 v.
557 2249 575 2335 ᾗ
593 2249 664 2312 487.

193 2491 312 2576 §192
340 2452 517 2558 Continuati
528 2493 649 2555 numeri
661 2494 692 2554 in
704 2493 850 2556 clausulis
861 2492 937 2554 hacc
948 2490 1087 2570 exempla
1100 2487 1194 2551 suifi-
1305 2533 1307 2538 .
1333 2501 1335 2506 ·
1365 2459 1369 2470 ’

109 2601 206 2663 ciant:
226 2599 308 2662 Eun.
328 2599 364 2660 ΙΙ.
384 2601 413 2679 3,
426 2600 454 2660 t.

195 2719 295 2783 occidi
304 2741 313 2779 .·

195 2859 290 2922 oeque
310 2839 397 2921 circo
412 2846 456 2904 cot
469 2855 614 2921 cuquam,
641 2841 734 2920 atque
749 2857 818 2924 eqo,
844 2837 897 2920 qui
911 2835 993 2900 illam
1009 2855 1025 2898 e
1039 2835 1205 2928 conspectu·

653 2941 742 3007 amitt
757 2959 830 3005 meo.

110 3062 229 3125 Ibidem
244 3064 280 3125 ll.
303 3065 331 3143 l,
343 3063 373 3124 2.

195 3184 271 3266 stet:
290 3192 323 3248 et
336 3182 454 3246 motura
472 3230 480 3244 .
495 3185 545 3265 fict
561 3231 568 3244 .
587 3184 683 3246 sotice
699 3183 753 3245 boc
768 3181 971 3246 mandatumst
985 3182 1061 3245 tibi?
1076 3183 1115 3243 ob

195 3290 341 3372 royitorc,
359 3289 450 3370 quasi
464 3287 583 3368 difficile
597 3287 646 3349 sit.

110 3409 216 3471 Plures
232 3408 389 3472 clausulae
405 3409 583 3470 coniunctae
598 3409 678 3468 Eun.
698 3407 733 3468 Π.
754 3409 783 3488 3,
794 3407 825 3470 7.
854 3487 859 3502 ι

197 3532 293 3594 ebolo
309 3529 434 3612 quidde
450 3531 550 3590 amore
566 3526 697 3612 loquitur
712 3573 719 3590 .
736 3531 753 3588 ό
768 3515 988 3608 infortunatum
1003 3546 1111 3590 secem,

199 3634 247 3698 bic
261 3635 333 3696 vcro
349 3641 412 3711 cst,
429 3632 483 3714 qui
495 3633 524 3693 si
536 3632 693 3714 occeperit,

199 3735 302 3800 ludiim
318 3738 471 3819 iocumque
486 3735 570 3797 dicos
583 3734 680 3816 [uisae
696 3734 782 3799 illum
798 3736 941 3816 ultorum,

196 3847 310 3922 praeut
325 3837 414 3902 totos
426 3837 529 3900 rabies
544 3839 622 3921 qudo
638 3838 729 3918 dubit

199 3951 234 4006 ut
247 3941 332 4007 illem
347 3942 381 4006 di
393 3942 466 4004 dccc
481 3959 581 4004 omnes
601 3943 716 4005 scnium
738 3941 881 4024 pudent,
905 3943 958 4024 qui
977 3941 1061 4005 hodic
1076 3959 1122 4004 me
1136 3959 1191 4002 re-

730 4048 866 4110 moratus
880 4054 932 4108 cst.
