2930 4962
273 360 312 424 58
672 380 728 422 tin.
749 381 780 424 n.
814 381 877 438 cnr.
897 381 953 422 xvi.

271 533 391 596 Phorm.
411 535 446 596 V.
470 535 500 611 3,
522 533 571 594 ll.

356 661 391 715 ut
401 653 499 737 pdssr's
513 671 582 715 com
596 653 669 716 itta.-
686 655 725 714 nd
739 661 766 716 te
781 653 955 716 adulescens
970 649 1078 752 mollier
1092 651 1242 735 desete'pet.

355 856 470 942 §lto
512 863 578 923 Non
608 868 752 923 censetur
780 861 812 922 in
846 868 956 942 quarta
993 859 1067 922 sede
1097 859 1256 940 spondens
1286 879 1359 923 esse

270 963 356 1025 brevi
372 963 455 1024 finali
471 965 503 1024 in
518 983 533 1026 s
547 959 681 1032 exeunte
696 973 767 1026 ante
782 981 889 1026 vocem
908 983 926 1025 a
941 973 1127 1026 consonante
1142 964 1354 1047 incipientem.
1463 1045 1464 1058 χ

268 1066 392 1129 Plautus
408 1069 498 1129 Truo.
518 1067 539 1128 l.
561 1069 591 1147 2,
611 1067 661 1129 52.

352 1189 541 1270 procaciores
557 1186 626 1252 estis
640 1205 704 1268 nos,
723 1185 776 1251 sed
790 1185 834 1250 illl
843 1187 1017 1268 periuriosi.

351 1395 375 1477 §
393 1389 467 1460 176.
501 1393 536 1455 ln
558 1394 690 1478 septimo
711 1393 791 1476 pede
814 1393 972 1475 spondeus
995 1395 1109 1455 Latinis
1130 1395 1361 1458 usitatissimus

266 1507 328 1577 est,
354 1499 530 1578 pariterque
555 1498 714 1582 dactyluS‚
741 1517 778 1559 ac
799 1495 985 1560 tribrachus.
1020 1498 1205 1579 Saepissime
1222 1498 1309 1558 enirn
1326 1497 1361 1560 hi

266 1601 405 1664 ultimam
422 1602 505 1663 arsin
520 1603 552 1663 in
567 1603 624 1665 hoo
639 1619 733 1664 versu
748 1601 882 1680 solvunt,
902 1599 987 1682 quod
998 1601 1105 1663 Graeci
1120 1620 1182 1662 non
1198 1599 1354 1682 lecerunt,

266 1705 336 1766 licet
351 1706 533 1785 Hephaestio
548 1704 664 1768 scribat
678 1722 709 1785 p.
731 1705 771 1766 lh
792 1689 874 1785 (29).Ι
887 1706 1021 1785 recipere
1037 1712 1169 1766 metrum
1185 1703 1356 1766 iambicum

266 1800 324 1870 het
339 1808 397 1892 τῆς
410 1800 613 1886 τελευταίας,
630 1799 687 1871 ὅτε
701 1797 951 1890 καταληκτὶκόν,
974 1800 1033 1870 τὸν
1051 1796 1176 1887 ἴαμβον
1197 1800 1358 1892 παραλή-

266 1929 364 1993 γαντα
379 1899 402 1996 ἢ
416 1903 568 1986 σπανίως
581 1903 770 1995 τρίβραχυν,
794 1897 876 1986 diove
898 1902 1054 1993 γίνεσθαι
1074 1901 1133 1996 τὴν
1147 1905 1358 1974 κατακλεῖδα

266 2001 340 2099 ἤτοι
356 2004 569 2100 ἆμφίβραχαν
583 2003 783 2100 ἢβακχεῖον,
796 2033 928 2095 quorum
940 2015 1048 2078 ultima
1059 2021 1164 2093 aperte
1177 2011 1253 2076 laisa
1264 2024 1352 2077 sunt.

349 2217 467 2303 5177.
505 2220 715 2303 Anapaestum
738 2213 776 2283 eo
796 2224 828 2283 in
850 2221 930 2303 pede
952 2241 989 2283 ca
1016 2219 1187 2283 conditione
1210 2220 1357 2284 admise-

266 2334 354 2404 runt,
381 2334 470 2390 utne
485 2326 584 2407 prima
599 2328 666 2389 eius
683 2323 801 2405 syllaba
817 2324 917 2387 finalis
940 2328 1022 2388 esset
1042 2323 1185 2387 vocabuli
1207 2325 1293 2404 eius,
1322 2327 1355 2388 in

265 2448 326 2510 quo
342 2437 429 2491 sexta
445 2430 522 2492 arsis
537 2438 628 2492 esset.
661 2430 764 2504 Quare
784 2426 999 2492 emendandus
1020 2436 1067 2490 est
1080 2447 1190 2492 versus
1205 2427 1305 2491 Plauti
1321 2431 1355 2492 in

265 2533 355 2595 Persa
369 2534 405 2594 ll.
429 2535 456 2612 t,
476 2537 506 2593 9.

350 2672 469 2716 servom
486 2657 620 2735 operam,
641 2654 777 2736 linquam
792 2651 1033 2716 liberam—bardo
1048 2670 1094 2715 mc
1109 2655 1196 2716 iussit
1210 2654 1335 2718 tatae.

248 2849 250 2852 Ι
265 2773 327 2835 Sed
342 2782 423 2836 recte
438 2793 472 2835 se
487 2772 603 2837 habent
617 2774 704 2856 tales,
723 2783 760 2837 ut
774 2774 907 2836 Terentii
920 2774 952 2834 in
967 2771 1099 2854 Adelph.
1118 2775 1166 2837 lV.
1187 2777 1217 2855 5,
1240 2775 1292 2836 78.
1322 2784 1354 2838 et

266 2877 334 2938 ileo.
355 2878 391 2938 V.
419 2879 447 2956 l,
470 2879 519 2938 tt.
1083 2879 1085 2884 '

349 2995 402 3058 ced
416 2998 494 3058 cesso
510 2998 556 3058 irc
570 2999 659 3076 intro,
681 3000 719 3060 ne
732 3014 835 3058 morae
850 2997 925 3058 meis
939 2995 1051 3078 coptos
1066 3001 1178 3078 eporndt
1192 3000 1259 3061 sim.

349 3117 421 3161 nom
437 3101 490 3180 qui
501 3107 569 3180 post
583 3097 699 3177 factam
714 3097 861 3162 ludriam
869 3102 993 3180 purydt,
1009 3119 1122 3180 porum
1137 3103 1212 3164 miti
1225 3106 1335 3183 prosit.

265 3221 315 3281 Sic
329 3220 410 3282 enim
425 3219 626 3281 scribendum
646 3216 778 3284 videtur.
812 3218 887 3281 Vide
902 3219 1001 3283 Elem.
1019 3219 1051 3282 d.
1071 3239 1112 3282 m.
1131 3240 1163 3300 p.
1184 3221 1257 3284 lhl.

349 3426 373 3508 ᾖ
390 3424 471 3492 178..
498 3427 805 3489 Proceleusmaticum
821 3446 945 3509 quoque
960 3427 1070 3491 eadem
1085 3428 1257 3492 conditione
1272 3449 1350 3494 sae-

264 3531 334 3609 pius
348 3531 479 3593 inveniri
494 3532 574 3593 licet.
609 3531 735 3594 Plautus
750 3528 836 3593 Asin.
856 3532 890 3592 ll.
914 3534 941 3610 l,
961 3531 1011 3594 tt.

349 3650 484 3716 dormitis
500 3655 615 3714 conred
628 3651 725 3732 domi,
747 3658 837 3735 atquc
852 3650 944 3715 herus
958 3653 990 3713 in
1005 3649 1100 3728 hora,
1126 3652 1209 3716 haud
1223 3653 1350 3717 aedibus

985 3753 1110 3818 latitat.

649 4047 956 4060 *ιιι-ιι-

1461 1199 1464 1340 l

1456 2422 1463 2622 ,

1453 2704 1462 3020 r
