2930 4962
563 367 600 410 na
616 366 769 410 raosoml.
817 427 819 437 1
1172 349 1209 410 ll

212 518 237 601 ᾗ
252 515 307 584 76.
333 520 427 582 llulto
441 519 630 600 frequentior
643 518 729 599 apud
745 519 876 580 Graecos
890 519 1107 600 productio
1123 542 1214 602 pro-

125 635 211 708 pter
226 633 412 701 metrum,
431 641 526 703 quam
542 623 742 700 correptio
757 630 813 683 est.
841 624 1014 703 Vsurpatur
1028 644 1063 686 ea
1080 626 1213 688 maxime

125 731 157 790 iu
173 747 269 789 versu
283 727 414 804 heroico,
441 735 472 786 et
485 725 649 806 praecipue
666 726 695 786 in
714 723 840 787 vor-ibus
856 725 969 787 multas
985 727 1097 790 breves
1113 729 1214 810 sylla-

125 833 182 894 bas
195 829 395 908 habentibus,
420 847 500 909 quae
515 829 604 890 aliter
617 830 713 910 aptari
731 838 827 890 metro
841 847 903 890 non
918 839 1059 910 possunt.
1092 831 1215 894 Pr0du-

125 935 206 996 citur
226 942 331 995 autem
355 933 488 995 maxime
510 933 608 1014 prima
631 941 751 997 mutum
774 933 883 995 borum
907 932 1070 995 verborum
1094 935 1213 1014 syllaba
1243 997 1251 1016 ‚

124 1036 298 1118 etquidem
314 1038 347 1099 in
363 1038 424 1099 arsi
440 1037 576 1114 metrica,
592 1047 659 1098 tum
674 1055 731 1117 per
746 1037 844 1115 ipsius
859 1037 1002 1098 metricae
1017 1056 1121 1100 arsees
1137 1041 1210 1118 vim,

125 1153 191 1204 tum
213 1139 299 1221 quod
318 1141 439 1202 initium
460 1139 604 1202 vocabuli
627 1142 710 1202 arsin
726 1139 820 1204 habet
840 1142 932 1202 etiam
947 1143 1086 1221 numeri,
1111 1143 1213 1222 quiin

123 1248 190 1325 ipso
203 1243 356 1306 vocabulo
367 1253 424 1306 est.
451 1243 633 1306 Cuiusmodi
644 1243 739 1306 verba
753 1253 828 1306 sunt
843 1235 1007 1320 ἐπίτονος,
1020 1239 1213 1328 θυγατέρες,

123 1337 348 1424 ἀπονέεσθαι,
365 1337 548 1426 ἀκάματος,
565 1334 750 1426 ἀθάνατος,
766 1346 851 1427 quod
865 1357 1055 1430 postremum
1071 1349 1215 1411 vocabu-

122 1452 186 1514 lum
203 1449 278 1512 inde
294 1448 379 1532 apud
393 1447 507 1512 Atticos
524 1451 689 1531 legitimam
705 1452 824 1532 accepit
843 1452 960 1533 primae
981 1451 1121 1531 syllabae
1135 1471 1213 1533 pro-

129 1553 313 1616 ductionem.
340 1555 391 1616 Sic
402 1555 493 1616 etiam
509 1554 728 1635 incompositis
741 1573 802 1615 non
818 1557 958 1634 quaevis,
974 1553 1031 1618 sed
1045 1564 1100 1618 aut
1113 1557 1212 1635 prima

125 1659 303 1739 posterioris
318 1659 401 1720 vocis
417 1658 547 1737 syllaba,
564 1659 646 1719 utin
661 1649 920 1736 ἐξαπονέεσθαι,
933 1667 987 1720 aut
1002 1660 1110 1722 ultima
1125 1661 1212 1740 prio-

124 1762 165 1823 ris
186 1763 218 1822 in
238 1762 302 1823 arsi
324 1761 448 1824 metrica
470 1760 669 1842 producitur,
695 1761 756 1822 fine
772 1762 911 1839 numeri,
937 1762 991 1840 qui
1015 1763 1046 1822 in
1062 1761 1212 1824 vocabulo

125 1875 179 1944 est,
199 1873 230 1925 et
245 1864 277 1924 vi
293 1881 397 1926 arseos
413 1865 557 1926 metricae
572 1863 806 1946 productionem
822 1861 1000 1944 adiuvante,
1027 1873 1062 1926 ut
1078 1863 1164 1928 Iliad.
1184 1885 1211 1928 τ.

130 1969 178 2028 35.
203 1965 319 2048 Odyss.
339 1987 367 2027 κ.
386 1967 458 2028 lbi).

213 2080 308 2164 μῆνιν
323 2068 500 2140 ἀποειπὼν
511 2067 741 2160 Ἀγαμέμνονι,
758 2071 895 2157 ποιμένι
911 2074 1009 2141 λαῶν.

208 2183 269 2267 βῆν
285 2175 324 2244 δέ
338 2173 592 2268 καταλοφάδεια
609 2174 719 2266 φέρων
737 2173 796 2244 ἐπὶ
811 2181 873 2265 νῆα
887 2173 1055 2260 μέλαιναν.

124 2305 188 2364 Etsi
209 2303 241 2364 in
262 2303 311 2365 bis
332 2303 482 2384 exemplis
498 2301 626 2363 fortasse
647 2301 819 2383 digamma,
847 2302 896 2364 vel
912 2301 1078 2381 duplicatio
1094 2303 1212 2364 litterae

123 2405 270 2487 liquidae,
290 2425 352 2487 qua
368 2425 461 2487 saepe
477 2414 607 2468 utuntur
621 2406 710 2486 epici,
737 2405 853 2485 aliquid
869 2404 910 2467 ad
925 2404 1114 2486 producendi
1130 2406 1211 2467 laci-

121 2511 240 2572 litatem
256 2510 393 2572 contulit.

209 2711 303 2796 577.
338 2715 606 2796 Correptiones
629 2713 691 2775 lere
712 2714 887 2776 necessitati
903 2713 1071 2792 debentur,
1098 2723 1165 2776 turn
1181 2717 1212 2776 in
1303 2735 1304 2742 ¹

123 2819 303 2883 nominibus
319 2821 450 2901 propriis
465 2819 553 2879 aliter
569 2828 701 2879 metrum
717 2837 778 2878 non
793 2817 1048 2897 ingredientibus,
1072 2808 1211 2880 Ἀθένα-

123 2925 203 3002 θεν,
223 2915 447 3006 Θουκυδίδης,
466 2912 661 3006 Ῥονφίνισς
676 2920 819 2983 secundis
836 2921 962 3002 syllabis
979 2922 1142 3002 correptis,
1163 2920 1211 2982 vel
1269 2999 1271 3004 ι

122 3017 329 3100 Ἐλευσίνιος
350 3027 456 3102 tertia,
491 3025 540 3086 vel
562 3042 761 3104 praegressae
785 3044 895 3086 nomen
923 3025 1082 3106 proprium
1111 3025 1212 3103 sylla-

124 3130 191 3212 bae,
212 3139 248 3192 ut

210 3233 245 3304 σί
261 3235 299 3305 δέ
314 3233 492 3303 Ζάκυνθον
508 3231 593 3318 ἕχον,

210 3337 307 3408 ἔσται
322 3344 439 3421 ταῦτα,
456 3335 653 3426 Σκάμανδρε
668 3335 855 3427 διοτρεφές,
873 3333 919 3415 ὡς
934 3334 974 3402 αὖ
990 3335 1144 3416 κελεύεις.

210 3439 368 3508 Χαλκίδα
384 3435 423 3523 τ’,
440 3437 615 3530 Εἰρετρίαν
630 3465 676 3522 τε,
690 3436 949 3530 πολυστάφυλόν
963 3434 1000 3506 δ’
1013 3435 1190 3522 Ἱστίαιαν,

124 3578 190 3631 tum
212 3570 243 3630 in
267 3569 333 3630 aliis
357 3568 536 3629 necessariis
557 3566 700 3644 vocibus,
726 3573 853 3628 utente
868 3557 1071 3646 σκέπαρνον,
1094 3564 1207 3646 Odyss.

125 3692 149 3732 e.
166 3675 239 3732 ⁶237.
266 3694 286 3731 ι.
305 3675 383 3748 391,
412 3670 459 3731 νεΙ
482 3671 590 3730 extrita
615 3668 731 3746 littera,
751 3677 786 3731 ut
809 3671 840 3729 in
862 3660 1023 3747 τάπανον,
1049 3669 1098 3729 vel
1119 3671 1210 3729 etiam

125 3775 307 3856 negligentia
325 3773 470 3854 quadam,
492 3782 526 3835 ut
540 3772 624 3852 apud
642 3772 808 3834 Hesiodum
823 3772 859 3833 Ο.
879 3780 910 3832 et
926 3773 959 3832 D.
981 3773 1052 3832 589.

212 3885 263 3980 εἴη
279 3887 422 3978 πετραίη
437 3914 474 3956 τε
489 3887 563 3977 σκιὴ
579 3888 637 3956 καὶ
650 3884 801 3974 βίβλινος
817 3879 918 3967 σίνος,

127 4024 158 4074 et
176 4015 259 4095 apud
274 4016 432 4078 Comicum
455 4016 582 4076 citatum
598 4015 721 4095 Diogeni
743 4015 861 4076 Laertio
877 4014 911 4074 ll.
933 4015 1004 4074 toa.
1020 4021 1052 4074 et
1067 4011 1162 4074 Suida
1179 4013 1211 4073 iu

131 4111 458 4204 ρομβοστωμαλήθρα
470 4141 475 4179 :

180 4237 183 4245 ’
212 4228 340 4325 ἀπῆλθ’
357 4231 440 4317 ἔχων
454 4231 698 4322 Δημοσθένους
712 4231 770 4322 τὴν
785 4229 1148 4323 ραμβαστωμαλήθραν,
