2896 4960
427 251 430 265 '
458 267 494 308 ns
507 265 638 308 rnsmvs
650 263 868 308 cnonrrrmrors.

515 526 629 597 cAP.
647 525 813 598 mv.

340 698 399 768 Do
426 696 629 768 versibus
657 693 988 768 choriambicis.

202 883 314 968 §402
325 883 461 948 Tertium
469 901 566 965 genus
573 899 773 948 numerorum
782 882 1003 963 dactylioorum
1015 885 1205 968 choriam-

30 977 33 1068 Ι
110 991 196 1052 bioi
219 999 311 1070 sunt,
330 990 384 1072 qui
399 989 583 1070 plerumque
598 997 630 1050 et
643 985 847 1050 solutionibus
862 997 984 1068 carent,
1002 991 1135 1051 nonnisi
1149 1009 1206 1052 ra-

28 1117 31 1184 ξ
110 1095 248 1176 ussine,
266 1103 299 1156 et
308 1091 394 1176 apud
407 1093 488 1156 solos
502 1093 640 1154 scenioos
654 1099 770 1173 poetas,
785 1092 949 1154 Molossum
960 1111 1017 1173 pro
1027 1093 1204 1156 choriambo

29 1227 30 1230 ¹
110 1196 296 1260 admittunt.
322 1197 474 1270 Quoniam
489 1205 593 1260 autom
605 1196 897 1260 vehementissimus
912 1195 962 1258 hio
977 1213 1127 1260 numerus
1142 1207 1199 1278 est,

111 1301 202 1381 lyrici
218 1299 339 1366 mediae
354 1302 463 1364 astatis
477 1307 509 1362 et
526 1300 633 1364 comici
653 1301 681 1362 ci
696 1317 788 1382 saepe
811 1298 1004 1362 substituunt
1019 1300 1129 1380 alium,
1155 1303 1204 1364 si-

113 1405 220 1466 milem
241 1405 383 1483 incessu,
410 1402 466 1465 sed
488 1404 649 1484 leniorem,
677 1421 822 1466 mensura
845 1412 949 1465 autom
971 1422 1094 1484 parem:
1126 1406 1147 1466 i.
1171 1426 1199 1468 a.

115 1509 271 1574 Creticum
283 1527 354 1571 cum
364 1509 506 1572 anacrusi
521 1507 661 1588 iambica,
676 1509 742 1569 sivo
754 1508 852 1570 mavis
866 1505 1022 1589 dipodiam
1038 1509 1202 1600 iambicam

118 1631 234 1674 vocare.
276 1612 338 1675 Sed
361 1613 393 1674 in
415 1611 472 1673 hao
487 1611 591 1676 comici
607 1613 678 1691 plus
693 1611 754 1674 sibi
776 1612 916 1672 licentiae
939 1612 1114 1692 indulgent,
1141 1632 1202 1676 non

115 1715 205 1778 modo
221 1713 372 1778 solvenda
386 1716 486 1796 prima
501 1716 580 1796 arsi,
604 1713 661 1778 sod
683 1715 774 1776 etiam
798 1716 829 1777 in
845 1717 988 1778 anaorusi
1003 1716 1124 1798 longam
1139 1716 1201 1780 ad-

115 1816 276 1900 mittendo,
295 1819 354 1882 hac
369 1817 484 1882 forma:

202 1933 225 1986 ῦ
250 1937 275 1985 .'.
286 1954 334 1986 υ.

245 2073 299 2107 W

118 2182 271 2262 boyllaba
286 2182 446 2244 anacrusis
461 2181 561 2246 siouhi
577 2181 742 2261 invenitur,
765 2182 791 2244 si
806 2198 930 2244 carmon
946 2184 1201 2264 antistrophioum

114 2295 170 2367 ost,
185 2285 385 2348 doboteo'am
397 2287 530 2348 inversu
541 2285 596 2368 qui
606 2282 773 2365 respondet
783 2303 862 2348 esse.
887 2288 989 2360 Quare
1001 2284 1196 2368 inbristoph.

112 2393 183 2471 Lys.
204 2392 278 2452 345.
297 2406 360 2450 non
375 2387 524 2452 mutanda
538 2388 688 2451 librorum
704 2389 872 2471 scriptura:

199 2506 374 2590 πολιοῦχε,
398 2503 461 2583 σὰς
483 2500 579 2588 ἔσχον
601 2500 710 2594 ἕδρας.

114 2629 238 2694 Excidit
252 2629 297 2696 ibi
313 2631 367 2712 qui
382 2629 592 2711 respondebat
605 2646 717 2694 versus
731 2627 916 2713 strophious.

198 2851 316 2935 5403.
343 2855 548 2918 (iatsloxis
563 2855 725 2934 multiplex
739 2864 796 2918 est.
821 2858 946 2920 Porraro
960 2858 1027 2938 ipso
1042 2859 1199 2922 choriam-

113 2960 174 3023 bus
190 2957 265 3021 lacit
276 2960 458 3022 clausulam.
485 2957 687 3024 Vsitatissima
702 2968 750 3022 ost
765 2959 938 3042 logaocdica
953 2963 1110 3043 catalonis,
1129 2962 1201 3026 dein

112 3083 193 3145 quae
209 3063 244 3124 fit
263 3063 295 3123 in
311 3061 391 3126 duos
406 3063 559 3144 dactylos
586 3065 697 3144 rarior,
723 3083 802 3146 quac
823 3067 858 3128 fit
873 3065 1004 3146 Cretico;
1030 3069 1196 3150 rarissima,

112 3187 193 3249 quae
209 3166 360 3228 trochaeo.
394 3163 568 3248 Aliquando
591 3170 683 3230 etiam
705 3168 941 3250 hypercatalecti
956 3180 1044 3252 sunt,
1069 3181 1124 3235 aut
1145 3170 1200 3235 di-

112 3271 256 3336 trochaeo
271 3271 485 3338 terminantur.

198 3390 370 3440 Luc-m

199 3485 349 3540 :omo

200 3595 296 3646 Lw.
309 3594 314 3682 l
328 3595 399 3645 Lv-

200 3699 298 3749 Lw..
313 3697 317 3784 1
331 3694 380 3745 έῦ

199 3797 322 3852 Luca-U
397 3809 400 3814 '

199 3906 296 3958 Lw.
309 3904 314 3994 l
326 3901 422 3955 :vj
