2922 4948
385 385 422 426 nr
438 383 578 428 srnorrus
595 385 676 428 rami
691 386 726 428 ar
743 385 863 436 sacrum
879 384 1012 429 careus.
1181 365 1240 428 art

149 534 227 596 haec
243 535 359 615 verba,
382 557 440 618 per
461 556 538 618 quoe
558 540 685 618 spiritns
705 547 734 601 et
754 541 817 600 vito
836 539 915 600 redit
930 540 1013 602 bonis
1025 548 1093 621 post
1108 547 1241 616 mortem,

148 637 264 700 infelici
281 659 428 703 successu
451 641 578 704 lacunas
594 642 634 702 ab
656 644 797 720 imperito
818 652 985 705 correctore
1006 661 1075 706 esse
1090 643 1239 722 expletas.

149 743 243 803 Recte
260 745 342 804 enim
360 753 493 825 apteque
509 744 591 806 iliam
608 765 703 826 quam
718 748 807 826 posui
824 747 980 827 stropham
996 747 1072 810 haec
1089 747 1238 824 excipiet:

515 885 621 948 noque,

238 971 269 1030 si
283 969 408 1032 chartae
422 971 529 1032 sileant
544 971 622 1052 quod
637 970 708 1034 berte
723 971 835 1052 feceris

233 1091 294 1152 per
309 1092 387 1154 quae
403 1073 530 1154 spiritns
546 1082 573 1134 ct
588 1077 652 1136 otto
666 1075 748 1136 redit
762 1075 846 1137 homo

235 1185 442 1256 postmortem
446 1225 711 1256 ..........

237 1280 402 1342 mercedem
420 1281 532 1342 tuleris.

237 1483 360 1568 5579.
398 1486 483 1549 Aliae
506 1490 649 1570 strophae
673 1510 712 1552 ex
734 1490 842 1552 eodem
870 1510 998 1552 numero
1024 1510 1080 1572 per
1106 1500 1239 1571 systema

148 1592 327 1652 continuato
343 1601 493 1670 constant,
510 1593 598 1653 itaut
614 1602 673 1656 tota
690 1595 814 1674 strophe
831 1613 928 1656 unum
942 1605 1076 1673 systema
1093 1597 1141 1674 sit,
1158 1593 1241 1674 quod
1321 1645 1325 1652 ,

149 1683 186 1768 ἐξ
201 1685 331 1774 ὁμοίων
346 1705 458 1757 vocant
473 1697 599 1758 metrici.
627 1698 677 1758 Sic
692 1699 833 1760 Horatius
849 1699 895 1760 iii.
919 1701 966 1760 ih.
986 1701 1018 1760 in
1035 1701 1095 1778 iilo,

236 1817 421 1878 mr'sererarn
437 1825 481 1878 eat
495 1837 589 1899 ueqrre
606 1821 713 1896 umori,
746 1895 752 1906 υ
827 1841 830 1847 ·

148 1933 413 2018 hicaeiexomplo
428 1937 646 2018 decempedas
663 1941 779 2001 Ionicos
802 1959 861 2001 una
886 1941 1009 2022 stropha
1033 1943 1240 2023 comprehen-

148 2039 203 2102 dit.
241 2041 351 2103 Imitati
374 2051 448 2103 sunt
463 2043 520 2103 hoo
536 2044 655 2122 tragici,
681 2043 737 2105 sed
757 2043 821 2104 fere
842 2045 872 2104 in
890 2044 950 2105 iine
966 2046 1082 2107 variato
1098 2065 1235 2125 numero,

147 2161 209 2222 quo
231 2145 352 2208 facilius
373 2146 495 2208 termini
518 2147 713 2227 stropharum
736 2157 935 2229 apparerent,
963 2158 998 2210 ut
1013 2147 1185 2228 Aeschylus
1207 2151 1239 2210 in

146 2247 250 2310 Persis
267 2253 316 2312 et.
336 2268 423 2330 seqq.
444 2251 475 2310 in
491 2250 600 2331 Suppi.
622 2253 714 2312 t025.
734 2271 820 2332 seqq.

237 2471 354 2554 §58h
390 2474 475 2537 Aliae
498 2476 641 2556 strophae
663 2496 702 2537 ex
725 2475 867 2556 piuribus
892 2479 1068 2555 systematis
1084 2486 1234 2557 constant,

148 2586 183 2637 ut
198 2578 286 2658 apud
297 2559 541 2640 'Anacreontemz

237 2693 422 2782 γουνοῦμαί
443 2690 484 2778 o',
508 2693 707 2788 ἐλαφηβόλε,

237 2797 343 2889 ξανθὴ
366 2804 434 2865 παῖ
454 2798 549 2883 Διός,
573 2795 697 2889 ἀγρίων

280 2899 429 2970 δέσποιν’
451 2903 583 2994 Ἄρτεμι
605 2908 730 2994 θηρῶν.

237 3007 309 3073 ἵκου
334 3013 389 3074 νῦν
412 3006 471 3075 ἐπὶ
491 3004 657 3098 Ληθαίου

237 3107 374 3200 timpum,
398 3107 709 3202 θρασυκαρδίωνὸ

236 3207 366 3301 ἀνδρῶν
389 3213 559 3304 ἐγκὰθόρα
581 3213 683 3282 πόλιν

235 3312 405 3405 yat‘pooo'·
427 3313 467 3385 οὗ
489 3317 551 3407 γὰρ
573 3314 756 3406 ἀνημέρους

279 3418 473 3506 noetianos
494 3420 669 3512 notatim.

235 3633 259 3713 §
273 3631 351 3696 581.
384 3632 470 3698 Aliae
485 3653 525 3694 ex
542 3632 681 3695 versibus
696 3653 757 3694 nou
775 3635 879 3712 nexis,
906 3651 1072 3696 numerum
1088 3633 1237 3694 habenti-

149 3733 210 3798 bus
225 3737 385 3818 eumdem‚
412 3736 468 3799 sed
492 3736 701 3816 magnitudine
718 3737 764 3798 vel
784 3735 880 3798 forma
897 3737 1027 3798 diversis
1042 3736 1175 3816 fiebant,
1201 3745 1236 3796 ut

150 3839 241 3902 haec:

279 3980 365 4044 quem
381 3969 423 4037 tu,
442 3962 632 4040 Melpomene,
650 3962 740 4023 semel

233 4074 404 4128 nascentem
416 4063 539 4145 placido
556 4065 664 4126 lomina
675 4063 803 4126 svt'oteri's.

280 4169 363 4231 iiiam
378 4188 436 4229 aon
453 4166 539 4230 tahar
554 4167 699 4229 latomia

235 4271 363 4333 clarabit
374 4269 518 4350 pupilcm,
537 4289 594 4330 non
612 4289 706 4350 equas
722 4271 858 4350 imprpar.

972 4385 1026 4436 14*
