2896 4960
419 433 457 476 nn
473 431 606 475 memes
623 431 733 475 ionicis
749 434 767 473 ι
782 432 895 475 aaroni.
1146 411 1203 472 143

110 589 159 648 Itis
176 595 320 664 tantum,
346 585 403 650 sed
416 588 448 648 in
464 605 540 648 voce
554 587 738 669 composita,
757 585 892 666 neglexit
905 603 1081 662 caesuram,
1107 584 1129 644 l.
1151 584 1201 662 t8,

109 695 161 753 to.
183 693 224 753 11.
246 691 297 770 tc,
317 693 367 752 aa.

199 831 369 910 arcanique
382 827 456 911 fides
469 827 601 910 prodipn
611 825 801 909 perlucidior
815 827 904 889 vitro.

199 933 275 994 dum
287 931 458 1013 floprontia
472 930 625 1012 detorquet
640 929 682 992 od
695 929 806 992 oscula.

107 1068 191 1132 Vide
208 1068 309 1131 Bentl.
329 1067 368 1132 ad
383 1069 431 1130 lV.
452 1071 481 1148 8,
504 1069 553 1130 t7.
579 1069 645 1129 Non
661 1068 738 1130 haec
752 1070 872 1130 curavit
887 1065 1031 1130 Alcaeus:

197 1201 305 1292 μηδὲν
326 1195 410 1268 ἄλλο
434 1197 598 1292 φυτεύσῃς
619 1198 783 1290 πρότερον
806 1199 959 1291 δένδρεον
979 1197 1129 1284 ἀμπέλω.

106 1347 212 1418 Quem
230 1352 357 1407 secutus
372 1345 514 1407 Catullus
529 1363 622 1406 carm.
643 1346 737 1406 XXX.

507 1623 811 1634 Ἣ.

496 1853 609 1923 ΟΑΡ.
627 1853 813 1926 mvn

294 2022 354 2096 Dc
379 2021 583 2094 versibus
610 2021 776 2094 Ionicis
804 2044 825 2093 a
851 2022 1016 2096 maiori.

196 2207 316 2292 5423.
349 2211 384 2272 In
398 2210 681 2272 metrolonicoa
700 2210 840 2272 maiori
861 2228 923 2271 non
939 2209 1043 2288 minus
1058 2231 1151 2293 quam
1168 2217 1200 2276 in

110 2315 310 2396 antispastico
336 2314 433 2376 multa
459 2313 625 2377 turbarunt
650 2314 783 2394 metrici,
817 2315 871 2394 qui
897 2313 1025 2376 aliorum
1051 2335 1199 2380 versuum

107 2417 314 2481 similitudine
337 2417 474 2499 decepti,
501 2437 598 2500 quum
621 2417 680 2480 alia
703 2417 779 2480 falsa
802 2415 1013 2500 tradiderunt,
1040 2429 1107 2482 turn
1129 2422 1195 2501 hoc,

107 2525 241 2603 primam
266 2524 403 2584 omniurn
426 2539 574 2583 versuum
597 2521 765 2601 syllabam,
791 2530 823 2582 et
843 2522 874 2582 in
894 2522 1084 2602 quibusdam
1099 2533 1199 2588 tetra-

107 2629 219 2688 metris
235 2628 325 2688 etiam
342 2627 473 2706 primam
488 2625 641 2705 syllabam
656 2627 763 2686 tertiae
779 2624 920 2705 dipodiae
936 2644 1004 2690 esse
1018 2629 1194 2710 anaphen.

108 2731 164 2794 Pes
187 2730 309 2791 Ionicus
331 2749 348 2790 a
372 2730 477 2792 maiori
498 2747 541 2793 ex
565 2727 690 2794 duobus
712 2727 873 2794 ordinibus
899 2739 1035 2812 constat,
1065 2751 1197 2814 quorum

111 2837 194 2915 prior
216 2835 294 2894 arsis
315 2831 417 2913 nuda,
442 2833 593 2914 posterior
614 2832 757 2914 dactylus
778 2841 835 2895 est.
873 2835 933 2908 Qui
953 2854 1103 2899 numerus
1125 2839 1197 2920 quia

108 2937 199 3000 valde
215 2936 314 2999 durus
330 2946 360 2999 et
375 2938 524 3000 molestus
539 2946 596 3016 cst,
620 2946 810 2999 commutare
824 2957 895 2999 eum
912 2959 983 3000 cum
999 2941 1123 3022 leniore,
1142 2941 1198 3005 sed

105 3061 171 3106 non
183 3042 289 3102 minus
306 3050 408 3102 tamen
421 3039 515 3102 hacto
527 3059 656 3106 numero
668 3041 878 3124 instituerunt,
897 3041 1020 3106 duobus
1033 3046 1193 3125 trochaeis,
1275 3043 1279 3051 ’

106 3165 170 3209 non
187 3143 425 3208 cohaerentibus
440 3163 503 3264 unp
519 3143 625 3207 ordine
640 3143 810 3226 periodica:

193 3279 322 3366 Lym

195 3379 326 3472 §yso

104 3527 267 3588 Praeterea
290 3524 497 3586 necessarium
521 3529 603 3602 erat,
629 3531 681 3602 ut,
708 3523 734 3584 si
749 3521 856 3603 plures
872 3521 963 3584 lonioi
979 3542 997 3585 a
1013 3527 1119 3588 maiori
1133 3547 1196 3590 uno

104 3649 202 3693 versu
225 3629 501 3708 coniungerentur,
528 3627 641 3706 singuli
662 3645 768 3707 perse
784 3633 974 3704 constarent,
1000 3648 1058 3691 nec
1079 3649 1196 3712 perpe-

106 3742 230 3796 tuatum
256 3729 406 3792 haberent
428 3748 611 3809 numerum,
641 3729 712 3811 quia
740 3731 841 3791 sicin
868 3731 1059 3795 choriambos
1086 3736 1195 3796 mutati

109 3846 230 3902 essent:

194 3933 647 4060 :ynwyuyn'wyssynw

193 4115 215 4124 -
230 4073 234 4163 Ι
248 4075 345 4124 ,ίυυ-
390 4072 516 4160 Ιέυυ..·
550 4071 644 4158 Ιέυυ

106 4217 150 4278 Eo
164 4215 293 4277 -lactum
320 4221 385 4292 est,
415 4220 451 4274 ut
476 4213 507 4272 in
533 4210 661 4290 singulis
680 4212 789 4274 Ionicis
811 4212 918 4276 ultima
941 4212 1060 4295 syllaba
1082 4231 1195 4295 anceps

106 4330 207 4397 esset,
234 4337 314 4398 quae
338 4318 369 4377 in
394 4313 605 4377 choriambicis
626 4325 742 4377 cenam
765 4323 830 4377 erat
845 4335 1020 4380 mansuram
1038 4317 1191 4384 habitura.
