2922 4948
220 377 282 440 228
607 395 663 438 nni.
684 397 727 440 ni.
755 395 817 438 eie.
837 395 919 440 xvni.

221 561 275 614 eut
290 561 358 631 post
373 553 553 612 anacensiu:

308 673 347 734 30
414 689 438 718 o
455 669 459 754 Ι
475 687 501 717 v
639 665 772 744 Θέ-τις

306 778 341 836 3⁴
418 811 438 820 -
455 773 460 860 Ι
476 791 501 821 o
628 768 780 849 ‘ut-tog

308 881 347 942 32
413 899 437 925 ν
455 878 498 962 Ι-
636 871 693 938 34-
700 880 765 958 βας

307 985 346 1044 33
418 981 497 1068 -Ι-
635 977 802 1062 Νέ-στωρ

223 1117 254 1167 et
268 1108 313 1166 sio
327 1123 433 1185 porro,
460 1106 485 1164 si
507 1104 654 1166 alterutra
677 1113 731 1166 eut
752 1113 884 1183 utraque
906 1123 978 1184 pars
994 1123 1031 1165 ex
1048 1105 1191 1186 pluribus
1207 1105 1312 1184 sylla-

222 1209 270 1271 bis
286 1218 341 1270 est.

307 1395 422 1479 5617.
457 1399 601 1480 Apparet,
622 1417 785 1461 numerum
802 1398 911 1460 horum
927 1401 1097 1478 nominum,
1121 1402 1147 1462 si
1163 1402 1207 1460 sie
1222 1398 1311 1461 divi-

222 1502 352 1581 dantur,
383 1505 546 1583 corrumpi.
584 1501 646 1563 Sed
669 1503 787 1564 facilius
810 1511 912 1562 temen
938 1501 1036 1564 fertur
1061 1506 1220 1565 ananensis
1247 1507 1310 1565 nisi

222 1606 375 1684 subiecta,
398 1608 469 1685 quio
485 1607 529 1667 sic
544 1605 685 1685 coniungi
701 1614 804 1666 temen
820 1603 882 1667 duo
897 1609 1018 1669 numeri
1033 1609 1065 1668 in
1080 1607 1312 1688 pronuntiando

220 1718 367 1789 possunt:
395 1710 527 1772 deterior
548 1720 595 1771 est
617 1709 737 1770 theseos
760 1719 792 1771 et
813 1727 998 1771 enecruseos
1021 1711 1208 1790 coniunctio,
1236 1713 1310 1792 quia

221 1831 350 1894 pausem
366 1814 397 1874 in
419 1812 521 1875 media
544 1832 618 1874 voce
641 1812 707 1873 fieri
729 1813 879 1894 postulat:
906 1823 937 1874 et
950 1813 1037 1894 peior
1050 1816 1162 1902 etium,¹
1185 1815 1212 1875 si
1227 1834 1310 1875 ana-

221 1919 319 1979 erusis
335 1918 420 1979 finiat
435 1937 559 1997 vocem,
586 1918 657 1997 quia
679 1918 723 1978 sic
741 1935 815 1996 pars
837 1915 921 1979 vocis
943 1917 1049 1978 ultima
1073 1919 1156 1978 omni
1179 1937 1311 1980 numero

220 2032 316 2083 earet:
348 2022 405 2084 sed
426 2032 474 2086 est
495 2032 598 2082 tamen
620 2022 677 2082 hoe
698 2022 847 2082 usitatum
862 2023 901 2082 'in
924 2023 1129 2100 antispastieis
1156 2023 1306 2099 numeriS,

220 2129 274 2206 qui
290 2136 485 2206 ,naturusua
508 2125 639 2187 fractum
661 2127 814 2185 incessum
838 2125 971 2202 hebent,
1002 2134 1037 2186 ut
1063 2123 1146 2205 quod
1174 2146 1204 2186 v.
1233 2128 1306 2186 ott.

219 2230 345 2292 ¹olintum
361 2239 423 2291 est:

305 2343 437 2414 ἔκτισαν
459 2338 529 2412 siin
544 2385 561 2396 -
577 2346 639 2423 δας
660 2338 712 2433 ἧδ’
737 2339 928 2431 ἀνάνδρους.

219 2473 351 2534 Pessima
369 2491 440 2533 vero
456 2481 504 2532 est
518 2472 675 2532 aneorusis
691 2469 741 2530 alii
757 2472 901 2532 auectusi
916 2470 1030 2549 additu,
1050 2471 1121 2550 quie
1137 2473 1191 2550 sio,
1211 2491 1310 2551 pree-

218 2587 359 2656 terquam
381 2575 464 2656 quod
484 2593 580 2656 pause
602 2577 634 2635 in
657 2573 756 2636 media
772 2593 847 2635 voce
869 2575 919 2654 iit,
947 2583 1078 2653 utruque
1100 2593 1172 2656 pars
1195 2595 1310 2657 expers

219 2689 266 2742 est
281 2682 412 2742 numeni.

304 2869 328 2950 ξ
342 2865 420 2933 618.
447 2869 494 2930 Ex
510 2870 557 2930 his
570 2872 777 2949 consequitur,
794 2865 923 2949 optimas
940 2868 1159 2930 vocabulorum
1175 2867 1309 2931 divisio-

218 2993 274 3033 nes
290 2993 374 3052 esse,
394 2975 507 3054 primo,
531 2991 591 3051 qua
607 2991 692 3034 arses
708 2983 738 3034 et
754 2972 856 3034 theses
872 2974 903 3032 in
920 2971 1027 3034 eadem
1045 2991 1116 3033 voce
1132 2973 1303 3034 alternent:

303 3089 424 3178 χρυσέα
448 3086 595 3179 φόρμιγξ
612 3084 782 3156 Ἀπόλλω-

304 3216 359 3271 νσς
380 3191 439 3259 καὶ
462 3187 689 3277 ἰοπλοκάμων.

219 3319 345 3400 Deinde,
366 3339 445 3399 quae
461 3321 543 3380 arsin
559 3319 619 3380 arsi
635 3319 805 3381 subiectam
822 3319 952 3380 habent:

303 3435 361 3503 καὶ
384 3435 489 3527 σοφοὶ
509 3435 567 3502 καὶ
588 3435 679 3522 χερσὶ
699 3441 777 3522 βια-

303 3539 360 3606 ταὶ
382 3537 609 3628 περίγλωσσοί
629 3533 657 3606 v’
682 3535 773 3630 ἔφαν.
877 3535 880 3540 ’

217 3667 356 3745 Denique
372 3685 452 3745 quae
468 3667 632 3727 anaorusin
648 3665 763 3728 hubent
778 3674 848 3726 ante
860 3666 963 3728 ursin:

303 3781 339 3848 tiu
361 3787 452 3849 θεῶν
474 3779 535 3869 γὰρ
556 3781 705 3867 μαχαναὶ
727 3786 796 3848 πᾶ-

302 3910 361 3953 σαι
382 3884 539 3972 βροτέαις
560 3879 703 3974 ἀρεταῖς.

301 4079 325 4161 §
339 4077 417 4145 619.
447 4080 494 4142 Ex
511 4081 637 4161 reliquis
652 4079 890 4144 dividendorum
907 4080 1126 4144 vocabulorum
1143 4081 1244 4144 modis
1260 4083 1300 4143 illi

215 4184 355 4246 meliores
372 4197 459 4266 sunt,
487 4186 539 4265 qui
561 4187 838 4264 pronuntiationem
854 4187 937 4249 voeis
953 4186 1114 4249 minimum
1131 4197 1185 4248 aut
1200 4187 1299 4249 inter-

214 4287 329 4367 pellant
345 4299 398 4350 out
413 4299 630 4370 corrumpunt.-
