2930 4962
350 385 386 426 m
403 385 530 426 rutmors
547 385 703 427 numus
718 381 921 429 institueris.
1139 369 1181 428 lo

513 665 626 734 cAP.
645 665 752 735 x1v.

210 817 270 886 De
298 817 503 887 iambicis
531 817 748 886 trimetris
776 817 1054 887 acatalectis.

171 1003 197 1086 ἦ
223 1001 299 1068 139.
347 1003 563 1064 Nobilissimus
589 1024 736 1066 versuum
764 1004 965 1065 iambicorum
993 1005 1179 1090 trimeter

77 1107 422 1184 estacatalectuS,
450 1125 543 1186 quem
567 1108 664 1171 Latini
684 1108 889 1168 senarium
910 1117 1028 1168 vocam.
1063 1108 1178 1167 Gram-

78 1211 187 1270 matici
205 1217 354 1288 quattuor
369 1210 436 1270 eius
455 1208 569 1271 lomnes
591 1221 840 1289 commemorant,
867 1209 1101 1288 iambicum,
1124 1213 1178 1289 qui

78 1315 209 1394 proprie
237 1313 279 1373 ita
306 1313 444 1391 dicatur,
479 1314 614 1373 maxime
643 1333 682 1374 ex
709 1314 795 1391 puris
825 1313 936 1374 iambis
967 1321 1174 1389 constantem;

79 1417 309 1496 tragicum,
331 1415 540 1496 spondeorum
555 1417 755 1492 alternatione
771 1417 940 1495 insignem:
965 1419 1173 1494 comicum,

83 1519 218 1597 pedibus
234 1519 406 1599 trisyllabis
419 1520 564 1598 plenum:
583 1539 623 1580 sa
633 1521 821 1599 lyricum,
841 1521 894 1599 qui
908 1520 1028 1580 medius
1044 1522 1083 1582 sit
1098 1521 1178 1582 inter

89 1624 236 1702 tragicum
254 1632 285 1684 et
301 1625 462 1684 comicum.
492 1623 559 1684 Vid.
579 1623 673 1683 schol.
694 1624 858 1703 llepbaest.
878 1643 909 1703 p.
927 1627 966 1683 87
989 1625 1084 1702 (¹70).
1114 1625 1176 1684 Non

84 1736 157 1788 suut
172 1727 252 1786 haec
267 1727 350 1786 omni
365 1746 404 1786 ex
420 1735 508 1804 parte
522 1745 606 1788 vera.

171 1957 196 2037 ὅ
212 1955 287 2022 140.
321 1960 488 2021 (laesuram
505 1959 597 2020 babet
612 1960 749 2019 trimeter
763 1959 948 2038 legitimam,
967 1979 1048 2039 quae
1063 1962 1174 2021 πενθ-

92 2056 248 2146 ημιμεοὴς
260 2071 390 2124 vocatur
402 2084 408 2121 :

175 2175 292 2227 Olus)
303 2181 310 2266 l
322 2176 417 2228 Luj
430 2181 434 2267 p
447 2181 518 2229 Lx)-

83 2303 146 2365 Sed
173 2323 268 2383 saepe
294 2323 329 2364 ea
357 2304 536 2383 negligitur,
570 2304 727 2383 aliaeque,
761 2303 927 2383 aliquando
952 2307 1043 2365 etiam
1071 2306 1174 2367 nullae

81 2425 230 2468 caesurae
254 2408 351 2467 liunt:
378 2425 440 2485 quo
463 2407 497 2467 lit
518 2416 554 2467 ut
569 2408 618 2467 hic
634 2425 743 2468 versus
766 2417 892 2486 propter
906 2410 1015 2468 miram
1031 2406 1172 2470 ordinum

82 2507 264 2572 varietatem
281 2519 372 2591 aptus
388 2512 428 2570 sit
443 2510 629 2588 longioribus
645 2510 843 2571 carminibus.
877 2511 1023 2571 Omnium
1049 2512 1172 2572 minime

78 2615 233 2695 probatur
257 2633 293 2674 ea
319 2613 491 2692 distinctio,
517 2631 577 2692 qua
602 2631 711 2675 versus
734 2616 765 2673 in
788 2623 850 2674 tres
872 2614 1005 2690 integras
1025 2614 1172 2676 iambicos

82 2711 221 2798 dipodius
245 2717 458 2796 distribuitur,
486 2718 558 2796 quia
575 2717 650 2778 haec
665 2718 748 2778 omni
764 2717 911 2778 varietate
926 2726 1018 2777 caret.
1053 2719 1171 2780 Cuius-

85 2822 160 2884 modi
187 2840 313 2882 carmen
336 2819 375 2882 de
401 2820 550 2882 industria
578 2819 715 2882 condidit
739 2821 898 2882 Castorion
919 2820 1073 2884 Solensis:
1106 2821 1167 2883 vid.

79 2925 275 2986 Athenaeum
292 2927 329 2986 Χ.
348 2943 379 3003 p.
401 2927 472 2986 tbi.
492 2927 523 2985 F.

165 3040 205 3108 οὲ
220 3039 279 3106 τὸν
293 3039 411 3126 atton
425 3035 648 3132 νιφοκτύποις
663 3037 884 3129 δυςχείμερον.

164 3278 188 3359 §
208 3276 283 3342 141.
318 3277 531 3359 lambographi
551 3279 735 3358 plerumque
751 3297 768 3338 a
784 3277 988 3339 solutionibus
1004 3279 1169 3341 abstinue-

80 3392 159 3444 mnt.
188 3382 304 3443 Amant
317 3383 347 3442 bi
364 3383 528 3462 praecipue
544 3401 658 3462 purum
675 3380 823 3459 iambum,
840 3383 879 3441 ita
899 3391 931 3442 ut
946 3400 962 3440 a
979 3381 1165 3459 qmbusdam

80 3485 269 3546 carminibus
286 3484 457 3566 spondeum
473 3486 565 3566 plane
581 3485 778 3564 excluserint,
798 3493 833 3544 ut
847 3484 987 3546 Catullus
1003 3503 1097 3546 carm.
1116 3488 1163 3569 ly.

79 3589 273 3651 Recentiores
296 3608 365 3650 raro
388 3590 479 3650 etiam
504 3597 706 3668 anapaestum
730 3586 898 3666 admisere,
925 3595 962 3648 ut
983 3590 1014 3648 in
1031 3591 1166 3650 carmine

77 3692 202 3772 lactum,
223 3679 308 3773 quod
323 3701 425 3755 exstat
438 3691 523 3772 apud
537 3691 729 3754 Athenaeum
749 3693 796 3786 lll.
816 3712 847 3772 p.
867 3693 940 3752 253.

164 3933 187 4014 5
212 3931 288 3998 142.
328 3935 442 4014 Tragici
464 3943 501 3996 ut
521 3935 705 4015 plerumque
727 3933 890 4015 legitimam
915 3927 1092 4012 caesuram,
1123 3935 1162 3996 ita

78 4055 170 4116 saepe
185 4041 277 4099 etiam
294 4039 370 4099 alias
386 4048 547 4117 usurpant.
582 4041 626 4100 De
646 4039 695 4100 bis
710 4057 791 4118 quae
806 4038 952 4100 disseruit
966 4039 1117 4099 Porsonus
1133 4038 1164 4096 in

80 4141 230 4221 supplem.
249 4141 347 4222 praef.
367 4140 407 4204 ad
423 4143 493 4202 Hoc.
512 4161 622 4222 parum
640 4141 812 4222 fructuosa,
839 4151 870 4204 et
892 4161 931 4204 ne
947 4141 1020 4203 satis
1036 4140 1162 4220 quidem

82 4261 151 4304 vera
167 4255 247 4307 sunt.
283 4247 382 4324 Saepe
399 4245 555 4306 invenitur
570 4263 695 4308 caesura
713 4237 954 4332 ἓφθημιμερής,
975 4263 1054 4324 quae
1070 4254 1117 4304 est
1132 4246 1164 4304 in
