2896 4960
465 394 502 435 na
518 391 652 436 masters
668 391 847 434 nicentius.
1159 369 1199 432 93

188 543 307 627 5276.
336 547 443 610 Graeci
451 545 595 608 versibus
606 545 790 624 Bacchiacis,
803 543 1027 624 Hephaestione
1038 549 1127 620 teste,
1143 561 1200 602 neo

96 671 199 731 saepe
210 653 260 712 usi
272 660 358 730 sunt,
374 669 476 730 neque
485 659 521 712 ut
529 649 583 710 diu
592 650 676 712 huno
687 665 851 712 numerum
861 649 1086 709 continuarent.
1105 645 1202 706 Affert

94 757 122 816 is
142 756 204 816 hoo
220 753 417 833 exemplum:

188 867 348 956 ὁταῦρος
371 864 400 938 δ’
423 865 531 936 ἔοικεν
551 867 697 956 κυρίξειν
716 866 786 952 at'r,
810 863 932 953 ἀρχάν·

188 970 389 1063 φθάσαντος
412 967 443 1038 δ’
466 967 519 1038 ἐπ’
544 969 653 1058 ἔργοις
672 967 931 1062 προπηδήσεταί
952 995 1012 1036 νιν.

93 1099 141 1159 Ao
162 1117 239 1159 sane
256 1118 328 1160 vere
352 1097 426 1160 dicit
441 1098 633 1178 Hephaestio.
668 1099 882 1177 Omninoque,
907 1097 1090 1176 praesertim
1112 1095 1198 1177 apud

93 1203 242 1282 tragiooS,
264 1199 354 1262 valde
369 1200 500 1262 dubium
517 1212 574 1280 est,
594 1203 702 1281 nequi
719 1201 874 1262 Baoohiaoi
890 1198 1013 1262 dimetri
1029 1198 1079 1260 vel
1095 1207 1196 1260 tetra-

96 1306 191 1366 metri
207 1307 416 1384 reperiuntur,
433 1304 606 1366 dochmiaoi
622 1306 725 1384 potius
737 1303 973 1394 ltypercamiecti
986 1304 1057 1364 sint.
1085 1303 1194 1364 Aesch.

95 1411 196 1470 Prom.
221 1411 293 1470 tt5.

192 1523 247 1602 τίς
268 1520 356 1608 ἀχώ,
378 1522 431 1602 τίς
450 1519 540 1608 ὀδμὰ
560 1523 734 1611 προςὲπτα
757 1521 792 1608 μ’
816 1520 970 1615 ἀφεγγής.

187 1767 306 1852 5277.
339 1773 546 1832 Romanorum
582 1779 613 1830 et
643 1771 749 1850 tragici
780 1779 810 1830 et
839 1772 946 1830 comici
984 1771 1115 1850 multum
1146 1772 1197 1832 usi

107 1885 179 1936 sunt
191 1873 335 1934 versibus
350 1873 530 1948 Bacchiacis‚
550 1872 722 1952 etquidem
738 1873 922 1954 plerumque
940 1883 974 1934 ut
990 1875 1102 1936 multos
1118 1893 1198 1935 con-

109 1979 208 2038 tinuos
223 1986 384 2057 ponerent.
420 1979 561 2038 Mensura
579 1978 698 2038 Bacchii
722 1977 853 2056 legitima
876 1979 908 2038 in
925 1975 1035 2038 mediis
1052 1976 1196 2040 versibus

111 2081 185 2141 haee
199 2091 258 2142 est:

192 2201 249 2248 uL
277 2239 298 2244 -

204 2319 312 2352 ww

104 2429 135 2488 in
149 2428 212 2490 fine
228 2445 377 2488 versuum
393 2426 483 2487 haee:

209 2664 292 2698 uvi)

105 2770 160 2833 Sed
178 2771 357 2833 Latinorum
381 2769 505 2833 liberior
527 2770 680 2854 prosodia·
692 2779 723 2832 et
744 2771 863 2852 longam
887 2774 1050 2833 anaorusin
1068 2771 1143 2852 fert,
1163 2782 1194 2833 et

103 2873 297 2954 disyllabum.
316 2873 360 2934 Ao
370 2874 689 2956 disyllabamPlautus
697 2875 881 2955 pierumque
894 2877 925 2936 in
934 2877 1033 2956 primo
1043 2877 1193 2954 tertioque

101 2978 178 3056 pede
196 2987 455 3057 tetrametrorum,
475 2979 494 3040 i.
511 2999 537 3041 e.
554 2980 586 3042 in
598 2981 749 3058 cuiusque
762 2979 904 3058 membri,
921 2975 1004 3058 quod
1017 2999 1057 3040 ex
1068 2978 1192 3040 duobus

101 3081 236 3160 pedibus
258 3083 398 3163 componi
420 3081 514 3161 solet,
541 3083 625 3144 initio
641 3082 783 3159 admisit;
808 3082 965 3146 interdum
981 3084 1074 3146 etiam
1090 3085 1120 3144 in
1137 3102 1194 3144 se·

101 3185 220 3264 cundo,
240 3195 413 3265 quartoque
428 3185 517 3265 pede.
553 3187 588 3246 ln
604 3184 710 3250 Aulul.
730 3188 765 3247 ll.
788 3190 816 3266 t,
831 3189 859 3247 i.
871 3189 900 3248 5.

185 3323 370 3389 quamquam
387 3304 470 3368 houd
483 3303 568 3384 salso
584 3305 649 3370 siim
666 3325 720 3370 nos
735 3309 854 3370 odiosus
869 3307 984 3368 haberi.

184 3429 258 3470 nom
275 3408 396 3471 muitum
414 3409 554 3491 lupatriceo
569 3411 674 3472 merito
690 3413 790 3474 ornnes
804 3409 961 3472 habemur.

97 3531 176 3592 Men.
196 3529 231 3592 V.
253 3533 283 3609 6,
297 3531 325 3592 6.

185 3652 291 3712 merito
308 3650 361 3712 hdo
376 3648 459 3712 nobis
475 3649 524 3730 sit,
543 3649 728 3733 quiquidem
744 3648 802 3712 too
816 3650 996 3712 venerimus.

98 3771 212 3854 Amph.
233 3771 268 3832 ΙΙ.
290 3772 381 3850 Mb.

186 3902 238 3954 tuo
254 3895 310 3966 me,
329 3891 464 3970 trerbero,
485 3891 579 3954 ntideo
594 3889 697 3954 iterum
714 3891 876 3971 ludificort'.

98 4016 188 4076 Poen.
209 4014 231 4074 1.
252 4015 283 4091 ἓ,
296 4013 346 4074 3⁴.

186 4137 283 4207 soror,
304 4133 432 4216 copitar,
453 4131 570 4210 ornabo,
590 4135 657 4196 item
673 4151 726 4194 aot
738 4133 900 4215 perhiberi.
