2896 4960
442 383 478 424 oe
495 381 628 423 vunsrsvs
644 383 832 426 nocnnmers.
1150 365 1191 426 89

187 527 303 612 §loz
336 533 379 594 De
401 553 518 614 paeone
534 543 658 615 quarto,
686 555 778 616 quem
799 536 904 614 tragici
920 537 1044 616 saepius
1059 537 1191 616 iungunt

93 635 259 713 dochmiis,
279 632 411 697 dubium
429 636 524 699 videri
541 647 651 717 potest,
671 648 774 700 utrum
792 639 818 700 is
834 639 874 700 sit
888 640 999 700 solutio
1015 641 1135 719 Cretici,
1155 651 1191 701 ut

93 747 206 818 aperte
223 738 255 798 in
272 739 358 801 llerc.
379 739 452 816 lun,
471 740 526 802 uhi
542 741 600 802 sibi
618 741 807 820 respondent
821 764 851 804 v.
872 743 944 804 742.
965 745 1039 806 757.

186 852 690 942 χαρμοναὶ-δακρύων·ἐδοσαν
711 853 861 942 ἐκβολάς.

186 952 279 1036 sled
303 953 587 1048 δεοδς-οἷνομίᾳ-
594 958 748 1047 χραίνων,
771 958 895 1050 θνητὸς
916 952 976 1026 δι’ν·

93 1103 136 1143 an
162 1080 331 1162 aliquando
348 1103 419 1144 vere
441 1085 482 1146 sit
500 1103 615 1164 paeon:
643 1103 704 1166 quo
725 1087 803 1148 laeto
819 1087 972 1146 Creticum
992 1086 1113 1148 excludi
1129 1108 1190 1149 ne-

93 1206 184 1250 cesse
211 1195 269 1247 est.
306 1185 351 1248 Ae
377 1189 481 1268 negari
508 1197 709 1268 conpotem,
739 1189 869 1251 inveniri
892 1189 989 1268 locos,
1019 1190 1189 1270 inquibus

93 1308 234 1370 paeones
261 1291 357 1352 multo
387 1290 520 1370 aptiores
549 1289 732 1355 videantur:
767 1303 802 1354 ut
827 1293 858 1354 in
884 1292 1004 1360 Electra
1033 1294 1189 1375 Sophoclis

102 1399 111 1454 l
121 1396 197 1454 38t.

229 1503 320 1574 ἴδεθ’
344 1505 648 1598 ὅπη-προνέμεται

183 1609 225 1677 τὸ
248 1608 437 1700 δυςέριστον
460 1602 545 1696 αἷμα
568 1618 685 1704 φυσῶν
705 1609 809 1705 Ἄρης.

101 1737 137 1799 Et
151 1739 183 1798 iu
199 1734 311 1800 Aesch.
330 1739 427 1799 Prom.
450 1741 522 1800 579.

184 1849 221 1919 τί
241 1850 328 1919 ποτέ
348 1847 394 1938 μ’,
417 1844 602 1942 ινδ-Κρόνιε
624 1857 701 1937 παῖ,
724 1851 784 1922 ·τι’
805 1879 890 1924 ποτε
911 1853 1029 1936 ταῒςδ.

190 2061 302 2144 §263-
346 2069 445 2146 Saepe
466 2085 483 2128 e
500 2065 650 2145 dactylico
673 2086 802 2129 numero
819 2071 967 2131 transitur
980 2071 1012 2131 in
1028 2070 1189 2133 dochmia-

14 2237 15 2240 Ἴ
111 2185 184 2248 cum,
202 2177 231 2230 et
247 2167 374 2248 quidem
391 2169 431 2230 ita
449 2169 522 2249 lere,
543 2178 579 2232 ut
593 2171 684 2232 etiarn
700 2168 862 2234 doohmius
877 2191 894 2233 a
911 2171 1033 2254 dactylo
1048 2174 1183 2256 incipiat.

105 2268 206 2332 drach.
227 2273 259 2332 S.
278 2269 321 2333 ad
336 2271 391 2333 Th.
412 2271 484 2333 227.
506 2273 579 2335 tat.

183 2383 408 2472 ἆνιτόμε-νον
429 2385 513 2471 πυρὶ
533 2385 632 2478 δαΐῳ.

183 2494 442 2579 κρημναμε-νᾶν
464 2491 608 2580 νεφελᾶν
630 2486 742 2580 ὀρθοῖ.

101 2617 273 2696 Rarissime,
294 2623 362 2677 uta
378 2615 546 2677 tribracho:
569 2615 676 2697 Eurip.
696 2620 759 2680 lon.
782 2621 873 2682 tttt.

183 2724 350 2821 συνέκυρδ
373 2726 540 2821 ἀδόκητος
559 2727 640 2820 ἡδο-

182 2832 241 2918 νάς
262 2833 571 2922 πόθεν-ἐλάβομεν
590 2831 706 2923 χαράν.

102 2961 151 3022 Vel
168 2972 201 3024 ut
215 2961 255 3022 ab
272 2961 385 3040 iambo,
404 2970 459 3022 aut
473 2960 627 3041 spondeo:
646 2961 729 3024 idern
746 2965 777 3024 in
793 2966 904 3027 Phoen.
929 2969 998 3028 l38.

184 3068 282 3154 οὗτος
305 3071 323 3143 δ
347 3081 409 3156 νᾶς
428 3074 663 3158 Πολυνείκεος,
688 3069 710 3146 ἆ
732 3077 837 3167 γέρον,

183 3175 498 3270 αδκοκα-σιγνήτας
518 3177 651 3272 νύμφας
672 3178 845 3272 ὁμόγαμος
866 3186 1033 3276 scotist}

182 3389 298 3490 5264.
333 3409 603 3484 Quemadmodum
626 3412 658 3472 in
681 3411 751 3490 hoc,
776 3412 859 3492 quod
875 3413 966 3476 modo
981 3415 1108 3478 allatum
1125 3429 1181 3494 est,

102 3515 246 3594 exemplo,
261 3515 351 3578 cuius
367 3514 462 3577 multa
477 3514 589 3576 similia
604 3515 815 3594 inveniuntur,
832 3516 948 3596 longior
962 3520 1057 3580 series
1073 3519 1186 3600 dacty-

103 3615 195 3678 lomm
210 3619 240 3680 in
257 3617 450 3680 dochmiaoos
465 3617 540 3697 abit,
565 3617 606 3679 ita
623 3637 715 3699 saepe
731 3619 823 3680 etiam
839 3628 910 3681 ante
925 3639 997 3682 eum
1014 3622 1181 3705 dactylum,

103 3737 190 3798 quem
209 3723 322 3803 excipit
345 3721 522 3802 dochmius,
550 3722 711 3785 trochaeus
731 3731 779 3785 est
801 3731 832 3784 et
853 3723 910 3785 hoe
931 3743 1002 3786 cum
1018 3726 1141 3806 dactylo
1156 3738 1188 3790 et

103 3840 168 3883 cum
197 3825 326 3906 dactylis
352 3823 611 3907 praecedentibus
637 3844 699 3888 uno
724 3828 846 3889 numeri
872 3835 978 3890 tenore
1005 3825 1181 3893 cohaerens.

103 3923 202 4008 Eurip.
222 3927 332 3991 Troad.
353 3928 426 3992 256.

184 4047 288 4132 ῥῖπτε,
311 4041 436 4129 τέκνον,
460 4043 605 4131 ζαθέους
626 4046 752 4136 κλῇδας
773 4045 831 4115 καὶ
853 4044 924 4116 dud
945 4045 1045 4136 χροὸς
1067 4049 1159 4116 ἐνδυ·
1182 4113 1186 4120 .

185 4152 247 4213 τῶν
268 4145 447 4239 accpi-ror
471 4146 580 4238 ἱεροὺς
602 4147 775 4235 στολμούς.
