2922 4948
246 377 308 438 244
634 394 689 436 tu.
710 395 755 437 ru.
789 367 940 438 cunm.

247 567 308 628 quc
323 547 529 628 antistrophas
546 557 685 628 caneret,
706 546 785 610 duas
800 549 956 627 oppositas
971 554 1074 626 partes
1090 545 1266 607 orchestrae
1283 555 1339 607 te-

248 653 359 724 nuerit,
379 650 515 731 epodum
526 659 630 712 autem
647 651 791 712 cecinerit
805 661 890 713 stans
906 652 937 711 in
949 649 1049 712 medio
1064 650 1239 711 orchestrae
1255 651 1334 714 loco.

246 757 311 816 Non
328 753 472 815 abhorret
486 755 543 816 hoc
560 755 600 816 ab
615 756 663 834 iis,
683 775 762 836 quae
778 755 890 817 narius
905 755 1078 817 Victorinus
1092 753 1187 814 refert
1201 773 1232 834 p.
1250 753 1331 814 250⁴

251 856 310 938 (76.
332 858 380 918 ed.
401 857 566 940 Gaislord.)
594 856 719 942 Antiqui
732 858 856 921 deorum
871 857 977 922 leudes
992 857 1179 920 carminibus
1194 838 1347 939 compre-v

247 963 354 1026 hensos
369 964 483 1024 circum
500 981 574 1024 oros
590 981 694 1024 eorum
710 971 812 1024 euntes
827 961 989 1040 canebant,
1010 963 1098 1024 cuins
1110 961 1246 1043 priorum
1263 979 1340 1022 unr-

246 1065 339 1127 bitnm
355 1086 441 1148 quern
459 1065 706 1148 ingrediebantur
722 1072 842 1148 operte
865 1065 978 1128 demine
994 1056 1142 1150 στροφὴν
1162 1062 1336 1127 nocebunt:

247 1172 444 1232 reversionem
472 1178 573 1233 autem
602 1170 811 1232 sinistrorsum
831 1168 946 1250 (comm
970 1170 1112 1251 completo
1135 1171 1242 1250 priore
1265 1169 1339 1230 orbe

245 1265 468 1360 ἀντίστροφον
484 1273 689 1355 appellabunt:
716 1273 785 1334 dein
800 1274 832 1334 in
846 1281 1003 1353 conspectu
1019 1272 1143 1334 morum
1162 1272 1241 1334 soliti
1256 1290 1338 1334 con-

245 1379 368 1454 sistere,
389 1377 501 1439 corotici
514 1378 636 1458 reliqna
651 1376 919 1458 consequebantur,
940 1375 1127 1458 appellantes
1142 1375 1175 1437 id
1190 1366 1337 1459 ἐπῳδόν.

330 1580 446 1665 §bit
479 1585 579 1646 Potest
598 1593 702 1647 autern
726 1582 921 1664 quadruplex
943 1583 1027 1645 chori
1048 1584 1171 1663 partitio
1192 1584 1331 1663 cogitari.

245 1690 322 1749 Nam
338 1698 392 1749 aut
407 1675 508 1749 omnia
524 1707 540 1748 a
559 1696 619 1748 toto
635 1689 743 1767 choro,
763 1693 817 1749 aut
832 1688 933 1748 omma
948 1705 964 1748 a
981 1687 1122 1767 partibus
1138 1688 1221 1748 chori
1236 1706 1336 1749 cane-

246 1793 373 1871 bantur,
400 1801 454 1853 aut
473 1801 577 1872 partes
598 1791 681 1852 chori
702 1791 858 1873 strophas,
885 1799 968 1853 totus
990 1791 1229 1867 autemchorus
1254 1811 1336 1872 epo-

245 1895 338 1976 dum,
362 1905 416 1958 aut
439 1903 521 1958 totus
546 1895 658 1958 chorus
680 1895 838 1977 strophas,
868 1893 1002 1977 epodum
1026 1904 1130 1958 autem
1153 1911 1226 1975 pars
1249 1895 1335 1958 chori

244 1999 383 2062 canebat.

329 2205 440 2290 5672.
464 2208 611 2270 Omnium
622 2208 822 2269 usitatissima
831 2206 953 2270 videtur
965 2206 1074 2270 divisio
1086 2205 1189 2269 induo
1204 2208 1302 2269 hemi
1311 2241 1335 2252 -

244 2313 377 2373 charia
394 2312 498 2374 luisse.
528 2313 609 2374 llaec
624 2309 783 2373 dividendi
797 2311 880 2373 chori
895 2312 971 2373 ratio
986 2310 1160 2374 secundum
1176 2311 1334 2373 Pollucem

242 2417 290 2478 lV.
306 2417 376 2477 107.
396 2408 539 2500 διχορία,
558 2433 631 2496 pars
646 2414 773 2478 dimidia
790 2415 873 2500 chori
889 2405 1075 2499 ἡμιχόριον,
1091 2433 1229 2496 carmen,
1247 2413 1334 2495 quod

243 2521 283 2580 ita
300 2518 419 2581 divisus
435 2520 546 2581 chorus
562 2518 701 2600 canebat,
721 2507 895 2603 ἀντιχορία
911 2517 1089 2600 vocabatur,
1129 2593 1131 2598 Α

328 2726 351 2808 ὅ
365 2723 443 2792 673.
471 2728 569 2806 Saepe
592 2735 695 2788 autem
719 2727 829 2788 chorus
845 2729 937 2788 etiam
953 2726 985 2788 in
1001 2726 1107 2806 plures
1122 2723 1228 2807 partes
1243 2725 1333 2788 divi-

181 2837 185 2846 ‘
242 2830 388 2906 debatur;
408 2833 484 2912 quin
495 2828 650 2892 interdum
662 2830 775 2910 singuli
787 2849 825 2892 ex
837 2832 890 2892 XV
901 2830 1079 2892 cantoribus
1091 2830 1221 2892 seorsim
1233 2847 1335 2890 cane-

146 2955 149 2961 <
242 2935 328 3014 bant,
347 2943 382 2994 ut
398 2935 429 2994 in
444 2932 569 3015 paredo,
589 2953 669 3014 quae
685 2936 778 2996 estin
795 2935 918 3015 Septem
935 2932 975 2995 ad
987 2933 1119 2996 Thebas.

328 3141 351 3222 ξ
365 3138 444 3205 674.
471 3141 577 3213 Qualis
598 3140 691 3204 luerit
706 3159 831 3222 quoque
847 3143 878 3202 in
893 3141 958 3206 loco
972 3141 1082 3204 divisio
1107 3150 1139 3203 et
1153 3140 1335 3207 distributio

242 3247 339 3326 chori,
360 3265 443 3307 nunc
458 3264 497 3306 cx
512 3254 709 3326 argumento,
735 3264 819 3308 nuuc
841 3264 881 3306 ex
896 3244 1095 3327 dispositione
1118 3247 1330 3326 stropharum,

241 3369 325 3410 nunc
341 3370 380 3411 ex
395 3351 533 3412 numeris
549 3348 672 3412 videtur
687 3349 785 3430 colligi
799 3367 900 3430 posse.

326 3553 443 3636 §bis
470 3559 511 3620 lta
534 3556 617 3639 quod
639 3559 671 3620 in
685 3555 912 3638 Agamemnone
929 3559 1083 3620 canticum
1104 3568 1185 3622 esta
1202 3579 1233 3621 v.
1252 3561 1329 3622 375.

240 3662 294 3740 qui
316 3670 457 3722 accurate
485 3661 739 3740 consideraverit,
764 3660 853 3722 lacile
877 3659 1065 3742 adducetur,
1093 3661 1187 3746 epodi
1206 3663 1245 3724 dc
1268 3681 1332 3742 qua

240 3764 356 3826 dictum
373 3774 420 3825 est
435 3763 535 3846 §bot
550 3772 767 3843 argumentum
779 3783 842 3824 non
857 3765 912 3825 toti
926 3765 1027 3844 choro,
1048 3764 1102 3828 sed
1120 3767 1251 3846 exiguae
1262 3767 1332 3826 eius

239 3869 319 3946 parti
334 3869 507 3930 convenire.
535 3865 609 3928 Vide
624 3865 721 3928 Elem.
742 3866 772 3930 d.
793 3887 833 3929 m.
853 3887 884 3950 p.
898 3868 969 3931 728.

324 4072 440 4156 5676.
466 4075 506 4136 Et
521 4073 605 4154 quod
620 4072 638 4157 ᾗ
656 4076 727 4136 669.
754 4073 793 4136 de
813 4075 928 4155 parodo
951 4077 1087 4140 diximus
1109 4077 1243 4160 epodum
1267 4078 1333 4139 ha·

238 4175 340 4256 bento,
357 4197 451 4258 quam
466 4179 628 4238 stasimum
644 4177 785 4258 excipiat,
805 4198 934 4259 arguere
945 4179 1080 4262 videtur,
1100 4181 1226 4244 chorum
1241 4180 1332 4242 initio

238 4278 268 4336 in
291 4288 393 4354 partes
416 4281 533 4358 aliquas
553 4281 703 4359 divisum,
730 4282 889 4363 strophas,
919 4285 1143 4366 antistrophas,
1177 4284 1326 4365 epodum‚
