2896 4960
468 1067 736 1164 LIBER
786 1068 874 1164 ΠΙ.

178 1229 254 1311 De
284 1234 474 1314 metris
506 1235 702 1317 mixtis
735 1243 786 1317 et
817 1238 1162 1344 compositis.

615 1459 734 1466 ——.--.-

594 1578 704 1655 cAP.
724 1586 756 1654 1.

123 1735 185 1804 De
211 1737 455 1827 generibus
489 1745 724 1807 metrorum
760 1738 992 1809 mixtorum
1028 1751 1070 1808 et
1097 1764 1214 1812 com-

541 1857 797 1950 positorum.

212 2025 237 2106 ἦ
250 2023 328 2091 454.
356 2027 549 2108 Hephaestio,
561 2027 721 2108 explicatis
733 2027 925 2107 simplicibus
938 2031 1053 2109 metris,
1066 2031 1213 2114 deinceps

124 2139 222 2192 metra
239 2122 310 2193 κατ’
326 2121 554 2194 ἀντιπάθειαν
568 2124 688 2210 perard,
711 2141 742 2192 et
757 2150 867 2194 versus
883 2151 921 2193 as
932 2143 1070 2211 ynarte
1080 2142 1155 2214 tos,
1182 2144 1213 2197 et

123 2233 524 2314 polyschematistos,
557 2245 589 2296 et
610 2235 866 2314 stropharum
890 2237 1131 2315 comparationes
1151 2258 1213 2300 ex-

123 2338 222 2418 ponit.
255 2337 302 2400 Ex
318 2338 366 2400 his
381 2347 479 2402 metra
494 2329 565 2400 κατ’
583 2329 808 2402 ἄντιπάθειαν
822 2333 925 2419 μικτὰ
940 2359 996 2402 nos
1011 2341 1103 2420 plane
1118 2360 1214 2422 prae-

122 2444 264 2506 terimus.
292 2444 368 2504 Nam
384 2461 464 2523 quae
480 2443 524 2504 sio
540 2451 689 2504 vocantur
704 2451 811 2522 metra,
831 2445 903 2522 quia
920 2446 1086 2506 contrarios
1101 2445 1208 2525 pedes,

123 2555 158 2609 ut
173 2547 333 2608 trochaeos
348 2556 442 2628 atque
457 2546 594 2624 iambos,
612 2548 804 2624 contineant,
823 2547 934 2624 partim
950 2564 990 2606 ue
1006 2546 1121 2608 hahent
1135 2552 1212 2628 qui-

122 2647 195 2710 dern
218 2649 314 2730 pedes
337 2652 520 2730 contrarios,
547 2651 676 2729 partim,
702 2651 728 2710 si
748 2648 880 2728 hahent,
906 2649 979 2709 nihil
1004 2651 1033 2710 in
1050 2671 1085 2712 ea
1103 2671 1135 2713 re
1150 2661 1207 2732 est,

122 2753 207 2832 qnod
231 2754 386 2834 peculiare
407 2773 503 2834 genus
526 2753 647 2816 numeri
670 2754 812 2814 constitui
835 2753 979 2831 postulet.
1014 2754 1057 2815 lta
1074 2756 1212 2835 Sapphi-

122 2876 180 2919 cus
195 2857 498 2938 hendecasyllabos,
522 2874 614 2938 quem
630 2857 759 2935 metrici,
778 2854 912 2935 dipodiis
927 2857 971 2918 uti
987 2867 1142 2940 amantes,
1169 2862 1213 2922 sio

122 2960 287 3024 dividunt:

208 3077 538 3168 Lv-0'Lw-'vLU

208 3177 443 3270 notmlddpor’
466 3176 610 3249 ἀθάνατ’
632 3178 827 3272 Ἀφροδίτα,

121 3329 182 3370 nnn
199 3307 296 3370 hahet
308 3307 443 3388 iambos,
469 3309 542 3388 quia
564 3327 603 3367 ex
625 3304 747 3387 dipodia
771 3307 923 3368 trochaica
945 3325 984 3366 ex
1000 3306 1106 3369 ordine
1122 3310 1210 3390 loga-

119 3412 228 3475 oedico
243 3421 380 3474 constat:

207 3510 306 3562 Lea-U
319 3513 324 3600 Ι
335 3507 507 3561 Lem-0

120 3621 175 3682 llio
189 3639 265 3682 vero
281 3637 410 3682 versus:

207 3730 342 3804 ἶόπλοκ’
366 3729 449 3823 ἇγνὰ
470 3730 699 3818 μειλιχόμειδε
717 3733 872 3820 Σαπφοῖ,
990 3813 994 3822 1

119 3880 215 3942 quem
230 3862 275 3922 sie
288 3859 433 3924 dividunt
447 3857 508 3920 illi:

206 3977 564 4066 va-,LLw'Lux

119 4087 257 4149 continet
285 4083 412 4164 quidem
442 4083 598 4162 oppositos
617 4078 733 4160 pedes,
766 4079 886 4142 iambos
907 4089 939 4140 et
960 4080 1135 4158 trochaeos,
1167 4081 1208 4140 ita

118 4207 232 4267 nempe
248 4185 439 4250 metiendus:

205 4307 327 4355 υέυ..
339 4305 345 4392 Ι
356 4297 527 4354 Leo-effi
