<?xml version="1.0" encoding="UTF-8"?>
<!DOCTYPE html PUBLIC "-//W3C//DTD XHTML 1.0 Transitional//EN"
    "http://www.w3.org/TR/xhtml1/DTD/xhtml1-transitional.dtd">
<html xmlns="http://www.w3.org/1999/xhtml" xml:lang="en" lang="en">
 <head>
  <title>
</title>
<meta http-equiv="Content-Type" content="text/html;charset=utf-8" />
  <meta name='ocr-system' content='tesseract 3.04.00' />
  <meta name='ocr-capabilities' content='ocr_page ocr_carea ocr_par ocr_line ocrx_word'/>
</head>
<body>
  <div class='ocr_page' id='page_1' title='image "./doctrinaemetric00hermgoog/doctrinaemetric00hermgoog_0117.png"; bbox 0 0 2896 4960; ppageno 0'>
   <div class='ocr_carea' id='block_1_1' title="bbox 217 383 954 444">
    <p class='ocr_par' dir='ltr' id='par_1_1' title="bbox 217 383 954 444">
     <span class='ocr_line' id='line_1_1' title="bbox 217 383 954 444; baseline 0.001 -2"><span class='ocrx_word' id='word_1_1' title='bbox 217 401 218 404; x_wconf 45' lang='lat'>¹</span> <span class='ocrx_word' id='word_1_2' title='bbox 255 383 295 444; x_wconf 79' lang='lat'>94</span> <span class='ocrx_word' id='word_1_3' title='bbox 659 401 715 443; x_wconf 79' lang='lat' dir='ltr'>tra.</span> <span class='ocrx_word' id='word_1_4' title='bbox 736 400 769 444; x_wconf 89' lang='lat' dir='ltr'>rr.</span> <span class='ocrx_word' id='word_1_5' title='bbox 803 401 865 443; x_wconf 81' lang='lat' dir='ltr'>err.</span> <span class='ocrx_word' id='word_1_6' title='bbox 884 401 954 443; x_wconf 82' lang='lat' dir='ltr'>xxu.</span> 
     </span>
    </p>
   </div>
   <div class='ocr_carea' id='block_1_2' title="bbox 340 548 1343 635">
    <p class='ocr_par' dir='ltr' id='par_1_2' title="bbox 340 548 1343 635">
     <span class='ocr_line' id='line_1_2' title="bbox 340 548 1343 635; baseline -0.003 -19"><span class='ocrx_word' id='word_1_7' title='bbox 340 548 456 633; x_wconf 66' lang='lat'>5278.</span> <span class='ocrx_word' id='word_1_8' title='bbox 483 553 720 615; x_wconf 87' lang='lat' dir='ltr'>Vsitatissimuru</span> <span class='ocrx_word' id='word_1_9' title='bbox 737 571 835 635; x_wconf 80' lang='lat' dir='ltr'>genus</span> <span class='ocrx_word' id='word_1_10' title='bbox 857 555 1026 616; x_wconf 85' lang='lat' dir='ltr'>tetrametri</span> <span class='ocrx_word' id='word_1_11' title='bbox 1046 562 1135 634; x_wconf 90' lang='lat' dir='ltr'>sunt,</span> <span class='ocrx_word' id='word_1_12' title='bbox 1160 556 1218 634; x_wconf 90' lang='lat' dir='ltr'>qui</span> <span class='ocrx_word' id='word_1_13' title='bbox 1240 555 1272 614; x_wconf 90' lang='lat' dir='ltr'>iu</span> <span class='ocrx_word' id='word_1_14' title='bbox 1287 553 1343 616; x_wconf 88' lang='lat' dir='ltr'>line</span> 
     </span>
    </p>
   </div>
   <div class='ocr_carea' id='block_1_3' title="bbox 131 655 1339 738">
    <p class='ocr_par' dir='ltr' id='par_1_3' title="bbox 131 655 1339 738">
     <span class='ocr_line' id='line_1_3' title="bbox 131 655 1339 738; baseline -0.001 -20"><span class='ocrx_word' id='word_1_15' title='bbox 131 655 135 666; x_wconf 91' lang='lat'><em>&#39;</em></span> <span class='ocrx_word' id='word_1_16' title='bbox 254 655 381 718; x_wconf 90' lang='lat' dir='ltr'>secundi</span> <span class='ocrx_word' id='word_1_17' title='bbox 404 655 492 735; x_wconf 91' lang='lat' dir='ltr'>pedis</span> <span class='ocrx_word' id='word_1_18' title='bbox 515 675 674 720; x_wconf 89' lang='lat' dir='ltr'>caesuram</span> <span class='ocrx_word' id='word_1_19' title='bbox 697 657 822 720; x_wconf 90' lang='lat' dir='ltr'>habent.</span> <span class='ocrx_word' id='word_1_20' title='bbox 863 659 962 738; x_wconf 84' lang='lat' dir='ltr'>Saepe</span> <span class='ocrx_word' id='word_1_21' title='bbox 984 667 1087 720; x_wconf 89' lang='lat' dir='ltr'>tamen</span> <span class='ocrx_word' id='word_1_22' title='bbox 1109 676 1144 719; x_wconf 90' lang='lat' dir='ltr'>ea</span> <span class='ocrx_word' id='word_1_23' title='bbox 1166 657 1339 738; x_wconf 79' lang='lat' dir='ltr'>negligitur.</span> 
     </span>
    </p>
   </div>
   <div class='ocr_carea' id='block_1_4' title="bbox 254 759 1344 1050">
    <p class='ocr_par' dir='ltr' id='par_1_4' title="bbox 254 759 1344 1050">
     <span class='ocr_line' id='line_1_4' title="bbox 255 759 1344 842; baseline -0.002 -20"><span class='ocrx_word' id='word_1_24' title='bbox 255 762 396 840; x_wconf 89' lang='lat' dir='ltr'><strong>Plautus,</strong></span> <span class='ocrx_word' id='word_1_25' title='bbox 423 762 476 840; x_wconf 90' lang='lat' dir='ltr'>qui</span> <span class='ocrx_word' id='word_1_26' title='bbox 492 760 582 822; x_wconf 88' lang='lat' dir='ltr'>valde</span> <span class='ocrx_word' id='word_1_27' title='bbox 599 759 769 823; x_wconf 84' lang='lat' dir='ltr'>delectatus</span> <span class='ocrx_word' id='word_1_28' title='bbox 785 771 833 823; x_wconf 88' lang='lat' dir='ltr'>est</span> <span class='ocrx_word' id='word_1_29' title='bbox 847 761 904 823; x_wconf 91' lang='lat' dir='ltr'>hoc</span> <span class='ocrx_word' id='word_1_30' title='bbox 921 769 1035 842; x_wconf 84' lang='lat' dir='ltr'>metro,</span> <span class='ocrx_word' id='word_1_31' title='bbox 1061 761 1220 825; x_wconf 89' lang='lat' dir='ltr'>interdurn</span> <span class='ocrx_word' id='word_1_32' title='bbox 1240 759 1344 822; x_wconf 89' lang='lat' dir='ltr'>mediis</span> 
     </span>
     <span class='ocr_line' id='line_1_5' title="bbox 255 863 1343 946; baseline -0.004 -20"><span class='ocrx_word' id='word_1_33' title='bbox 255 865 440 926; x_wconf 88' lang='lat' dir='ltr'>tetrametris</span> <span class='ocrx_word' id='word_1_34' title='bbox 456 863 622 926; x_wconf 87' lang='lat' dir='ltr'>dimetrum</span> <span class='ocrx_word' id='word_1_35' title='bbox 638 865 776 926; x_wconf 88' lang='lat' dir='ltr'>inseruit.</span> <span class='ocrx_word' id='word_1_36' title='bbox 810 863 985 946; x_wconf 75' lang='lat' dir='ltr'>Aliquando</span> <span class='ocrx_word' id='word_1_37' title='bbox 998 865 1091 928; x_wconf 88' lang='lat' dir='ltr'>ctiam</span> <span class='ocrx_word' id='word_1_38' title='bbox 1107 881 1163 946; x_wconf 84' lang='lat' dir='ltr'>per</span> <span class='ocrx_word' id='word_1_39' title='bbox 1183 865 1343 926; x_wconf 84' lang='lat' dir='ltr'><strong>elisionem</strong></span> 
     </span>
     <span class='ocr_line' id='line_1_6' title="bbox 254 967 977 1050; baseline 0.001 -21"><span class='ocrx_word' id='word_1_40' title='bbox 254 967 332 1029; x_wconf 86' lang='lat' dir='ltr'>duos</span> <span class='ocrx_word' id='word_1_41' title='bbox 348 987 458 1030; x_wconf 89' lang='lat' dir='ltr'>versus</span> <span class='ocrx_word' id='word_1_42' title='bbox 473 968 644 1050; x_wconf 75' lang='lat' dir='ltr'><strong>copulavit,</strong></span> <span class='ocrx_word' id='word_1_43' title='bbox 663 969 746 1030; x_wconf 89' lang='lat' dir='ltr'>utin</span> <span class='ocrx_word' id='word_1_44' title='bbox 761 967 873 1048; x_wconf 78' lang='lat' dir='ltr'>Amph.</span> <span class='ocrx_word' id='word_1_45' title='bbox 893 969 927 1034; x_wconf 87' lang='lat'>11.</span> <span class='ocrx_word' id='word_1_46' title='bbox 947 971 977 1030; x_wconf 73' lang='lat'>2.</span> 
     </span>
    </p>
   </div>
   <div class='ocr_carea' id='block_1_5' title="bbox 340 1081 1170 1277">
    <p class='ocr_par' dir='ltr' id='par_1_5' title="bbox 340 1081 1170 1277">
     <span class='ocr_line' id='line_1_7' title="bbox 340 1081 1094 1172; baseline 0.003 -22"><span class='ocrx_word' id='word_1_47' title='bbox 340 1091 421 1152; x_wconf 80' lang='lat' dir='ltr'>satin</span> <span class='ocrx_word' id='word_1_48' title='bbox 432 1109 536 1172; x_wconf 77' lang='lat' dir='ltr'>parua</span> <span class='ocrx_word' id='word_1_49' title='bbox 551 1091 601 1150; x_wconf 74' lang='lat' dir='ltr'>retr</span> <span class='ocrx_word' id='word_1_50' title='bbox 615 1095 660 1150; x_wconf 84' lang='lat' dir='ltr'>est</span> <span class='ocrx_word' id='word_1_51' title='bbox 672 1081 864 1172; x_wconf 76' lang='lat' dir='ltr'>cotuputum</span> <span class='ocrx_word' id='word_1_52' title='bbox 874 1091 909 1152; x_wconf 81' lang='lat' dir='ltr'>cit</span> <span class='ocrx_word' id='word_1_53' title='bbox 921 1089 988 1153; x_wconf 86' lang='lat' dir='ltr'>ulta</span> <span class='ocrx_word' id='word_1_54' title='bbox 1003 1097 1094 1172; x_wconf 74' lang='lat' dir='ltr'>utpute</span> 
     </span>
     <span class='ocr_line' id='line_1_8' title="bbox 341 1189 1170 1277; baseline -0.001 -22"><span class='ocrx_word' id='word_1_55' title='bbox 341 1195 372 1255; x_wconf 81' lang='lat' dir='ltr'>tir</span> <span class='ocrx_word' id='word_1_56' title='bbox 388 1196 487 1256; x_wconf 73' lang='lat' dir='ltr'>oritate</span> <span class='ocrx_word' id='word_1_57' title='bbox 501 1189 637 1275; x_wconf 73' lang='lat' dir='ltr'>cyriade,</span> <span class='ocrx_word' id='word_1_58' title='bbox 653 1211 733 1274; x_wconf 74' lang='lat' dir='ltr'>prae</span> <span class='ocrx_word' id='word_1_59' title='bbox 748 1195 839 1275; x_wconf 84' lang='lat' dir='ltr'>qudm</span> <span class='ocrx_word' id='word_1_60' title='bbox 853 1193 935 1277; x_wconf 50' lang='lat' dir='ltr'>¹quud</span> <span class='ocrx_word' id='word_1_61' title='bbox 950 1193 1101 1256; x_wconf 68' lang='lat' dir='ltr'>molestum</span> <span class='ocrx_word' id='word_1_62' title='bbox 1117 1202 1170 1256; x_wconf 83' lang='lat' dir='ltr'>est.</span> 
     </span>
    </p>
   </div>
   <div class='ocr_carea' id='block_1_6' title="bbox 255 1423 1347 1715">
    <p class='ocr_par' dir='ltr' id='par_1_6' title="bbox 255 1423 1347 1715">
     <span class='ocr_line' id='line_1_9' title="bbox 340 1423 1347 1508; baseline -0.006 -17"><span class='ocrx_word' id='word_1_63' title='bbox 340 1423 457 1508; x_wconf 66' lang='lat'>5279.</span> <span class='ocrx_word' id='word_1_64' title='bbox 483 1425 634 1488; x_wconf 76' lang='lat' dir='ltr'>Videntur</span> <span class='ocrx_word' id='word_1_65' title='bbox 648 1425 679 1486; x_wconf 92' lang='lat' dir='ltr'>hi</span> <span class='ocrx_word' id='word_1_66' title='bbox 701 1428 869 1488; x_wconf 86' lang='lat' dir='ltr'>tetrametri</span> <span class='ocrx_word' id='word_1_67' title='bbox 885 1425 1041 1488; x_wconf 85' lang='lat' dir='ltr'>interdum</span> <span class='ocrx_word' id='word_1_68' title='bbox 1057 1426 1215 1489; x_wconf 83' lang='lat' dir='ltr'><strong>clausulas</strong></span> <span class='ocrx_word' id='word_1_69' title='bbox 1233 1425 1347 1487; x_wconf 88' lang='lat' dir='ltr'>habere</span> 
     </span>
     <span class='ocr_line' id='line_1_10' title="bbox 255 1528 1342 1610; baseline -0.008 -14"><span class='ocrx_word' id='word_1_70' title='bbox 255 1552 294 1596; x_wconf 85' lang='lat' dir='ltr'>ex</span> <span class='ocrx_word' id='word_1_71' title='bbox 324 1530 453 1592; x_wconf 88' lang='lat' dir='ltr'>iambico</span> <span class='ocrx_word' id='word_1_72' title='bbox 484 1528 614 1591; x_wconf 89' lang='lat' dir='ltr'>dimetro</span> <span class='ocrx_word' id='word_1_73' title='bbox 643 1530 835 1610; x_wconf 73' lang='lat' dir='ltr'>catalecticu,</span> <span class='ocrx_word' id='word_1_74' title='bbox 869 1539 904 1592; x_wconf 87' lang='lat' dir='ltr'>ut</span> <span class='ocrx_word' id='word_1_75' title='bbox 933 1529 1017 1610; x_wconf 89' lang='lat' dir='ltr'>apud</span> <span class='ocrx_word' id='word_1_76' title='bbox 1044 1531 1222 1592; x_wconf 88' lang='lat' dir='ltr'>Terentium</span> <span class='ocrx_word' id='word_1_77' title='bbox 1247 1528 1342 1591; x_wconf 82' lang='lat' dir='ltr'>Andr.</span> 
     </span>
     <span class='ocr_line' id='line_1_11' title="bbox 256 1637 395 1715; baseline -0.014 -19"><span class='ocrx_word' id='word_1_78' title='bbox 256 1637 302 1697; x_wconf 88' lang='lat' dir='ltr'>ur.</span> <span class='ocrx_word' id='word_1_79' title='bbox 323 1639 353 1715; x_wconf 76' lang='lat' dir='ltr'>a,</span> <span class='ocrx_word' id='word_1_80' title='bbox 368 1637 395 1695; x_wconf 82' lang='lat' dir='ltr'>r.</span> 
     </span>
    </p>
   </div>
   <div class='ocr_carea' id='block_1_7' title="bbox 342 1753 1132 1939">
    <p class='ocr_par' dir='ltr' id='par_1_7' title="bbox 342 1753 1132 1939">
     <span class='ocr_line' id='line_1_12' title="bbox 342 1753 1132 1836; baseline -0.001 -20"><span class='ocrx_word' id='word_1_81' title='bbox 342 1755 423 1836; x_wconf 84' lang='lat' dir='ltr'>quod</span> <span class='ocrx_word' id='word_1_82' title='bbox 437 1753 511 1816; x_wconf 83' lang='lat' dir='ltr'>itlssi</span> <span class='ocrx_word' id='word_1_83' title='bbox 525 1755 555 1814; x_wconf 85' lang='lat' dir='ltr'>ci</span> <span class='ocrx_word' id='word_1_84' title='bbox 569 1753 640 1814; x_wconf 79' lang='lat' dir='ltr'>dart</span> <span class='ocrx_word' id='word_1_85' title='bbox 656 1753 754 1816; x_wconf 81' lang='lat' dir='ltr'>bibere</span> <span class='ocrx_word' id='word_1_86' title='bbox 770 1760 799 1817; x_wconf 86' lang='lat' dir='ltr'>et</span> <span class='ocrx_word' id='word_1_87' title='bbox 813 1755 958 1836; x_wconf 82' lang='lat' dir='ltr'>qudclum</span> <span class='ocrx_word' id='word_1_88' title='bbox 974 1755 1132 1836; x_wconf 64' lang='lat' dir='ltr'>imperavi,</span> 
     </span>
     <span class='ocr_line' id='line_1_13' title="bbox 386 1850 1048 1939; baseline -0.003 -20"><span class='ocrx_word' id='word_1_89' title='bbox 386 1858 474 1934; x_wconf 85' lang='lat' dir='ltr'>dctc,·</span> <span class='ocrx_word' id='word_1_90' title='bbox 490 1859 630 1939; x_wconf 73' lang='lat' dir='ltr'>cruceyo</span> <span class='ocrx_word' id='word_1_91' title='bbox 646 1855 703 1918; x_wconf 84' lang='lat' dir='ltr'>lruc</span> <span class='ocrx_word' id='word_1_92' title='bbox 717 1865 866 1920; x_wconf 85' lang='lat' dir='ltr'>revertor.</span> <span class='ocrx_word' id='word_1_93' title='bbox 1043 1850 1048 1858; x_wconf 80' lang='grc'><strong>’</strong></span> 
     </span>
    </p>
   </div>
   <div class='ocr_carea' id='block_1_8' title="bbox 255 1976 1059 2060">
    <p class='ocr_par' dir='ltr' id='par_1_8' title="bbox 255 1976 1059 2060">
     <span class='ocr_line' id='line_1_14' title="bbox 255 1976 1059 2060; baseline -0.001 -17"><span class='ocrx_word' id='word_1_94' title='bbox 255 1979 332 2045; x_wconf 85' lang='lat' dir='ltr'>Vide</span> <span class='ocrx_word' id='word_1_95' title='bbox 347 1980 444 2041; x_wconf 82' lang='lat' dir='ltr'>Elem.</span> <span class='ocrx_word' id='word_1_96' title='bbox 464 1976 495 2039; x_wconf 90' lang='lat' dir='ltr'>d.</span> <span class='ocrx_word' id='word_1_97' title='bbox 515 1997 556 2038; x_wconf 89' lang='lat' dir='ltr'>m.</span> <span class='ocrx_word' id='word_1_98' title='bbox 575 1997 606 2058; x_wconf 88' lang='lat' dir='ltr'>p.</span> <span class='ocrx_word' id='word_1_99' title='bbox 626 1977 699 2039; x_wconf 76' lang='lat'><strong>299.</strong></span> <span class='ocrx_word' id='word_1_100' title='bbox 733 1977 797 2041; x_wconf 91' lang='lat' dir='ltr'>Nisi</span> <span class='ocrx_word' id='word_1_101' title='bbox 812 1997 865 2060; x_wconf 74' lang='lat' dir='ltr'>cqc</span> <span class='ocrx_word' id='word_1_102' title='bbox 880 1977 1059 2042; x_wconf 87' lang='lat' dir='ltr'>delendum.</span> 
     </span>
    </p>
   </div>
   <div class='ocr_carea' id='block_1_9' title="bbox 256 2189 1343 2512">
    <p class='ocr_par' dir='ltr' id='par_1_9' title="bbox 256 2189 1343 2512">
     <span class='ocr_line' id='line_1_15' title="bbox 341 2189 1343 2294; baseline -0.007 -17"><span class='ocrx_word' id='word_1_103' title='bbox 341 2208 457 2294; x_wconf 66' lang='lat'><strong>5280.</strong></span> <span class='ocrx_word' id='word_1_104' title='bbox 483 2210 576 2291; x_wconf 84' lang='lat' dir='ltr'>Apud</span> <span class='ocrx_word' id='word_1_105' title='bbox 584 2213 724 2274; x_wconf 87' lang='lat' dir='ltr'><strong>Plautum</strong></span> <span class='ocrx_word' id='word_1_106' title='bbox 732 2199 825 2291; x_wconf 90' lang='lat' dir='ltr'>saepe</span> <span class='ocrx_word' id='word_1_107' title='bbox 833 2213 864 2273; x_wconf 92' lang='lat' dir='ltr'>iu</span> <span class='ocrx_word' id='word_1_108' title='bbox 873 2189 981 2274; x_wconf 82' lang='lat' dir='ltr'>eadcru</span> <span class='ocrx_word' id='word_1_109' title='bbox 993 2231 1085 2274; x_wconf 90' lang='lat' dir='ltr'>scena</span> <span class='ocrx_word' id='word_1_110' title='bbox 1096 2213 1343 2276; x_wconf 84' lang='lat' dir='ltr'>uuncBacchiaci</span> 
     </span>
     <span class='ocr_line' id='line_1_16' title="bbox 256 2315 1338 2398; baseline -0.005 -18"><span class='ocrx_word' id='word_1_111' title='bbox 256 2335 377 2398; x_wconf 77' lang='lat' dir='ltr'>reisue,</span> <span class='ocrx_word' id='word_1_112' title='bbox 397 2334 480 2378; x_wconf 88' lang='lat' dir='ltr'>nuuc</span> <span class='ocrx_word' id='word_1_113' title='bbox 495 2315 605 2376; x_wconf 79' lang='lat' dir='ltr'>Cretici</span> <span class='ocrx_word' id='word_1_114' title='bbox 620 2316 837 2378; x_wconf 88' lang='lat' dir='ltr'>inveniuntur:</span> <span class='ocrx_word' id='word_1_115' title='bbox 857 2316 938 2376; x_wconf 90' lang='lat' dir='ltr'>utin</span> <span class='ocrx_word' id='word_1_116' title='bbox 955 2315 1035 2378; x_wconf 82' lang='lat' dir='ltr'><strong>llud.</strong></span> <span class='ocrx_word' id='word_1_117' title='bbox 1055 2317 1077 2376; x_wconf 94' lang='grc' dir='ltr'>Ι.</span> <span class='ocrx_word' id='word_1_118' title='bbox 1095 2318 1123 2377; x_wconf 83' lang='grc'>5.</span> <span class='ocrx_word' id='word_1_119' title='bbox 1149 2316 1225 2379; x_wconf 90' lang='lat' dir='ltr'>Vide</span> <span class='ocrx_word' id='word_1_120' title='bbox 1244 2319 1338 2378; x_wconf 88' lang='lat' dir='ltr'>Eleur.</span> 
     </span>
     <span class='ocr_line' id='line_1_17' title="bbox 257 2417 1339 2512; baseline -0.002 -31"><span class='ocrx_word' id='word_1_121' title='bbox 257 2420 345 2512; x_wconf 84' lang='lat' dir='ltr'>dm.</span> <span class='ocrx_word' id='word_1_122' title='bbox 364 2439 395 2500; x_wconf 91' lang='lat' dir='ltr'>p.</span> <span class='ocrx_word' id='word_1_123' title='bbox 409 2417 481 2480; x_wconf 70' lang='lat'><strong>207.</strong></span> <span class='ocrx_word' id='word_1_124' title='bbox 509 2419 690 2482; x_wconf 85' lang='lat' dir='ltr'>Cuiusmodi</span> <span class='ocrx_word' id='word_1_125' title='bbox 706 2420 737 2479; x_wconf 91' lang='lat' dir='ltr'>in</span> <span class='ocrx_word' id='word_1_126' title='bbox 753 2419 828 2480; x_wconf 89' lang='lat' dir='ltr'>locis</span> <span class='ocrx_word' id='word_1_127' title='bbox 843 2417 1026 2498; x_wconf 87' lang='lat' dir='ltr'>cavendum,</span> <span class='ocrx_word' id='word_1_128' title='bbox 1045 2438 1084 2480; x_wconf 89' lang='lat' dir='ltr'>ne</span> <span class='ocrx_word' id='word_1_129' title='bbox 1100 2419 1339 2497; x_wconf 77' lang='lat' dir='ltr'>confundantur,</span> 
     </span>
    </p>
   </div>
   <div class='ocr_carea' id='block_1_10' title="bbox 255 2520 1341 2813">
    <p class='ocr_par' dir='ltr' id='par_1_10' title="bbox 255 2520 1341 2813">
     <span class='ocr_line' id='line_1_18' title="bbox 256 2520 1341 2606; baseline -0.005 -19"><span class='ocrx_word' id='word_1_130' title='bbox 256 2526 328 2606; x_wconf 88' lang='lat' dir='ltr'>quia</span> <span class='ocrx_word' id='word_1_131' title='bbox 344 2524 438 2586; x_wconf 91' lang='lat' dir='ltr'>unius</span> <span class='ocrx_word' id='word_1_132' title='bbox 453 2522 591 2603; x_wconf 86' lang='lat' dir='ltr'><strong>syllabae</strong></span> <span class='ocrx_word' id='word_1_133' title='bbox 604 2524 738 2584; x_wconf 82' lang='lat' dir='ltr'>accessio</span> <span class='ocrx_word' id='word_1_134' title='bbox 750 2521 937 2584; x_wconf 89' lang='lat' dir='ltr'>detractiove</span> <span class='ocrx_word' id='word_1_135' title='bbox 948 2520 1105 2584; x_wconf 87' lang='lat' dir='ltr'>interdurn</span> <span class='ocrx_word' id='word_1_136' title='bbox 1118 2522 1200 2602; x_wconf 87' lang='lat' dir='ltr'>lacit,</span> <span class='ocrx_word' id='word_1_137' title='bbox 1215 2533 1255 2585; x_wconf 90' lang='lat' dir='ltr'>ut</span> <span class='ocrx_word' id='word_1_138' title='bbox 1265 2523 1341 2586; x_wconf 85' lang='lat' dir='ltr'>idem</span> 
     </span>
     <span class='ocr_line' id='line_1_19' title="bbox 255 2626 1340 2707; baseline -0.006 -15"><span class='ocrx_word' id='word_1_139' title='bbox 255 2645 366 2692; x_wconf 87' lang='lat' dir='ltr'>versus</span> <span class='ocrx_word' id='word_1_140' title='bbox 377 2627 553 2690; x_wconf 87' lang='lat' dir='ltr'>etCreticus</span> <span class='ocrx_word' id='word_1_141' title='bbox 565 2626 787 2689; x_wconf 88' lang='lat' dir='ltr'>etBacchiacus</span> <span class='ocrx_word' id='word_1_142' title='bbox 795 2627 893 2690; x_wconf 89' lang='lat' dir='ltr'>videri</span> <span class='ocrx_word' id='word_1_143' title='bbox 901 2628 1007 2707; x_wconf 89' lang='lat' dir='ltr'>possit.</span> <span class='ocrx_word' id='word_1_144' title='bbox 1034 2628 1077 2688; x_wconf 90' lang='lat' dir='ltr'>lta</span> <span class='ocrx_word' id='word_1_145' title='bbox 1084 2627 1223 2707; x_wconf 84' lang='lat' dir='ltr'>exempli</span> <span class='ocrx_word' id='word_1_146' title='bbox 1236 2645 1340 2689; x_wconf 86' lang='lat' dir='ltr'><strong>caussa</strong></span> 
     </span>
     <span class='ocr_line' id='line_1_20' title="bbox 256 2729 992 2813; baseline -0.005 -19"><span class='ocrx_word' id='word_1_147' title='bbox 256 2731 394 2794; x_wconf 86' lang='lat' dir='ltr'>dubitari</span> <span class='ocrx_word' id='word_1_148' title='bbox 407 2729 562 2811; x_wconf 26' lang='lat' dir='ltr'>potest-de</span> <span class='ocrx_word' id='word_1_149' title='bbox 578 2730 638 2791; x_wconf 87' lang='lat' dir='ltr'>iiue</span> <span class='ocrx_word' id='word_1_150' title='bbox 654 2730 804 2794; x_wconf 84' lang='lat' dir='ltr'>Pseudoli.</span> <span class='ocrx_word' id='word_1_151' title='bbox 839 2731 874 2795; x_wconf 91' lang='lat' dir='ltr'>V.</span> <span class='ocrx_word' id='word_1_152' title='bbox 893 2729 912 2813; x_wconf 85' lang='lat'>§</span> <span class='ocrx_word' id='word_1_153' title='bbox 927 2749 992 2811; x_wconf 89' lang='lat' dir='ltr'>seq.</span> 
     </span>
    </p>
   </div>
   <div class='ocr_carea' id='block_1_11' title="bbox 257 2975 1340 3374">
    <p class='ocr_par' dir='ltr' id='par_1_11' title="bbox 257 2975 1340 3374">
     <span class='ocr_line' id='line_1_21' title="bbox 305 2975 1337 3060; baseline -0.004 -16"><span class='ocrx_word' id='word_1_154' title='bbox 305 3014 308 3022; x_wconf 92' lang='lat'>·</span> <span class='ocrx_word' id='word_1_155' title='bbox 341 2975 455 3060; x_wconf 63' lang='lat'><strong>5281.</strong></span> <span class='ocrx_word' id='word_1_156' title='bbox 482 2978 638 3041; x_wconf 85' lang='lat' dir='ltr'>interdum</span> <span class='ocrx_word' id='word_1_157' title='bbox 647 2979 803 3042; x_wconf 87' lang='lat' dir='ltr'>Bacchiaci</span> <span class='ocrx_word' id='word_1_158' title='bbox 811 2980 958 3043; x_wconf 89' lang='lat' dir='ltr'>videntur</span> <span class='ocrx_word' id='word_1_159' title='bbox 969 2982 1145 3060; x_wconf 84' lang='lat' dir='ltr'>systematis</span> <span class='ocrx_word' id='word_1_160' title='bbox 1158 2982 1337 3057; x_wconf 86' lang='lat' dir='ltr'>continuari,</span> 
     </span>
     <span class='ocr_line' id='line_1_22' title="bbox 257 3082 1340 3165; baseline -0.003 -18"><span class='ocrx_word' id='word_1_161' title='bbox 257 3095 292 3148; x_wconf 93' lang='lat' dir='ltr'>ut</span> <span class='ocrx_word' id='word_1_162' title='bbox 307 3103 409 3165; x_wconf 89' lang='lat' dir='ltr'>neque</span> <span class='ocrx_word' id='word_1_163' title='bbox 424 3082 543 3163; x_wconf 81' lang='lat' dir='ltr'><strong>syllaba</strong></span> <span class='ocrx_word' id='word_1_164' title='bbox 560 3101 672 3163; x_wconf 83' lang='lat' dir='ltr'>anceps</span> <span class='ocrx_word' id='word_1_165' title='bbox 688 3083 719 3144; x_wconf 91' lang='lat' dir='ltr'>iu</span> <span class='ocrx_word' id='word_1_166' title='bbox 735 3083 796 3146; x_wconf 88' lang='lat' dir='ltr'>line</span> <span class='ocrx_word' id='word_1_167' title='bbox 811 3101 959 3146; x_wconf 85' lang='lat' dir='ltr'>versuum</span> <span class='ocrx_word' id='word_1_168' title='bbox 974 3083 1076 3145; x_wconf 89' lang='lat' dir='ltr'><strong>locum</strong></span> <span class='ocrx_word' id='word_1_169' title='bbox 1092 3084 1214 3164; x_wconf 85' lang='lat' dir='ltr'>haheat,</span> <span class='ocrx_word' id='word_1_170' title='bbox 1238 3095 1270 3148; x_wconf 95' lang='lat' dir='ltr'>et</span> <span class='ocrx_word' id='word_1_171' title='bbox 1284 3103 1340 3146; x_wconf 86' lang='lat' dir='ltr'>vo-</span> 
     </span>
     <span class='ocr_line' id='line_1_23' title="bbox 258 3180 1340 3272; baseline 0 -22"><span class='ocrx_word' id='word_1_172' title='bbox 258 3189 369 3250; x_wconf 88' lang='lat' dir='ltr'><strong>cabula</strong></span> <span class='ocrx_word' id='word_1_173' title='bbox 384 3189 465 3249; x_wconf 88' lang='lat' dir='ltr'>iuter</span> <span class='ocrx_word' id='word_1_174' title='bbox 479 3185 558 3248; x_wconf 90' lang='lat' dir='ltr'>duos</span> <span class='ocrx_word' id='word_1_175' title='bbox 574 3205 683 3248; x_wconf 87' lang='lat' dir='ltr'>versus</span> <span class='ocrx_word' id='word_1_176' title='bbox 699 3185 796 3251; x_wconf 86' lang='lat' dir='ltr'>dividi</span> <span class='ocrx_word' id='word_1_177' title='bbox 811 3188 941 3268; x_wconf 89' lang='lat' dir='ltr'>possint.</span> <span class='ocrx_word' id='word_1_178' title='bbox 975 3187 1068 3250; x_wconf 87' lang='lat' dir='ltr'>Varro</span> <span class='ocrx_word' id='word_1_179' title='bbox 1084 3181 1163 3271; x_wconf 81' lang='grc' dir='ltr'><strong><em>περὶ</em></strong></span> <span class='ocrx_word' id='word_1_180' title='bbox 1179 3180 1340 3272; x_wconf 74' lang='grc' dir='ltr'>ἐξαγωγῆς</span> 
     </span>
     <span class='ocr_line' id='line_1_24' title="bbox 257 3290 624 3374; baseline -0.008 -20"><span class='ocrx_word' id='word_1_181' title='bbox 257 3290 342 3374; x_wconf 87' lang='lat' dir='ltr'>apud</span> <span class='ocrx_word' id='word_1_182' title='bbox 357 3291 490 3354; x_wconf 89' lang='lat' dir='ltr'>Nouium</span> <span class='ocrx_word' id='word_1_183' title='bbox 504 3311 535 3372; x_wconf 89' lang='lat' dir='ltr'>p.</span> <span class='ocrx_word' id='word_1_184' title='bbox 553 3291 624 3353; x_wconf 88' lang='lat'><strong>336.</strong></span> 
     </span>
    </p>
   </div>
   <div class='ocr_carea' id='block_1_12' title="bbox 343 3410 1105 3702">
    <p class='ocr_par' dir='ltr' id='par_1_12' title="bbox 343 3410 1105 3702">
     <span class='ocr_line' id='line_1_25' title="bbox 343 3410 1105 3498; baseline 0 -24"><span class='ocrx_word' id='word_1_185' title='bbox 343 3416 501 3498; x_wconf 81' lang='lat' dir='ltr'>quemcdm</span> <span class='ocrx_word' id='word_1_186' title='bbox 518 3421 545 3476; x_wconf 81' lang='lat' dir='ltr'>tc</span> <span class='ocrx_word' id='word_1_187' title='bbox 561 3430 623 3476; x_wconf 80' lang='lat' dir='ltr'>csse</span> <span class='ocrx_word' id='word_1_188' title='bbox 639 3411 749 3491; x_wconf 83' lang='lat' dir='ltr'>dicum,</span> <span class='ocrx_word' id='word_1_189' title='bbox 767 3410 839 3492; x_wconf 80' lang='lat' dir='ltr'>ferd</span> <span class='ocrx_word' id='word_1_190' title='bbox 854 3415 909 3495; x_wconf 84' lang='lat' dir='ltr'>qui</span> <span class='ocrx_word' id='word_1_191' title='bbox 923 3411 1015 3476; x_wconf 80' lang='lat' dir='ltr'>mand</span> <span class='ocrx_word' id='word_1_192' title='bbox 1031 3431 1105 3474; x_wconf 89' lang='lat' dir='ltr'>cor-</span> 
     </span>
     <span class='ocr_line' id='line_1_26' title="bbox 343 3509 1031 3600; baseline 0 -22"><span class='ocrx_word' id='word_1_193' title='bbox 343 3519 426 3600; x_wconf 72' lang='lat' dir='ltr'>poris</span> <span class='ocrx_word' id='word_1_194' title='bbox 440 3509 575 3598; x_wconf 78' lang='lat' dir='ltr'>(crcldde</span> <span class='ocrx_word' id='word_1_195' title='bbox 589 3514 719 3596; x_wconf 80' lang='lat' dir='ltr'>sontium</span> <span class='ocrx_word' id='word_1_196' title='bbox 735 3517 837 3598; x_wconf 82' lang='lat' dir='ltr'>dpcris</span> <span class='ocrx_word' id='word_1_197' title='bbox 853 3514 938 3579; x_wconf 75' lang='lat' dir='ltr'>tauta</span> <span class='ocrx_word' id='word_1_198' title='bbox 953 3535 1031 3580; x_wconf 82' lang='lat' dir='ltr'><strong>scu-</strong></span> 
     </span>
     <span class='ocr_line' id='line_1_27' title="bbox 343 3618 943 3702; baseline -0.005 -21"><span class='ocrx_word' id='word_1_199' title='bbox 343 3621 455 3701; x_wconf 71' lang='lat' dir='ltr'>puiur&#39;s,</span> <span class='ocrx_word' id='word_1_200' title='bbox 474 3629 558 3702; x_wconf 82' lang='lat' dir='ltr'>teque</span> <span class='ocrx_word' id='word_1_201' title='bbox 573 3619 637 3684; x_wconf 77' lang='lat' dir='ltr'>vlla</span> <span class='ocrx_word' id='word_1_202' title='bbox 653 3618 736 3682; x_wconf 80' lang='lat' dir='ltr'>leuda</span> <span class='ocrx_word' id='word_1_203' title='bbox 749 3619 850 3702; x_wconf 76' lang='lat' dir='ltr'>ferreo</span> <span class='ocrx_word' id='word_1_204' title='bbox 865 3620 943 3682; x_wconf 73' lang='lat' dir='ltr'><strong>cusa.</strong></span> 
     </span>
    </p>
   </div>
   <div class='ocr_carea' id='block_1_13' title="bbox 257 3737 1333 3928">
    <p class='ocr_par' dir='ltr' id='par_1_13' title="bbox 257 3737 1333 3928">
     <span class='ocr_line' id='line_1_28' title="bbox 258 3737 1333 3826; baseline -0.001 -24"><span class='ocrx_word' id='word_1_205' title='bbox 258 3743 302 3804; x_wconf 91' lang='lat' dir='ltr'>lta</span> <span class='ocrx_word' id='word_1_206' title='bbox 325 3749 520 3822; x_wconf 85' lang='lat' dir='ltr'>comparatus</span> <span class='ocrx_word' id='word_1_207' title='bbox 540 3739 639 3802; x_wconf 90' lang='lat' dir='ltr'>videri</span> <span class='ocrx_word' id='word_1_208' title='bbox 662 3748 769 3826; x_wconf 89' lang='lat' dir='ltr'>potest</span> <span class='ocrx_word' id='word_1_209' title='bbox 782 3740 852 3802; x_wconf 82' lang='lat' dir='ltr'>linis</span> <span class='ocrx_word' id='word_1_210' title='bbox 873 3737 1030 3802; x_wconf 86' lang='lat' dir='ltr'>Pseudoli:</span> <span class='ocrx_word' id='word_1_211' title='bbox 1061 3759 1091 3801; x_wconf 90' lang='lat' dir='ltr'>v.</span> <span class='ocrx_word' id='word_1_212' title='bbox 1118 3737 1215 3804; x_wconf 84' lang='lat' dir='ltr'>Elem.</span> <span class='ocrx_word' id='word_1_213' title='bbox 1241 3741 1272 3805; x_wconf 90' lang='lat' dir='ltr'>d.</span> <span class='ocrx_word' id='word_1_214' title='bbox 1297 3760 1333 3804; x_wconf 85' lang='lat' dir='ltr'>ur.</span> 
     </span>
     <span class='ocr_line' id='line_1_29' title="bbox 257 3841 1150 3928; baseline 0.002 -23"><span class='ocrx_word' id='word_1_215' title='bbox 257 3864 289 3925; x_wconf 89' lang='lat' dir='ltr'>p.</span> <span class='ocrx_word' id='word_1_216' title='bbox 303 3845 374 3907; x_wconf 83' lang='lat'><strong>303.</strong></span> <span class='ocrx_word' id='word_1_217' title='bbox 394 3863 459 3926; x_wconf 90' lang='lat' dir='ltr'>seq.</span> <span class='ocrx_word' id='word_1_218' title='bbox 479 3845 538 3906; x_wconf 90' lang='lat' dir='ltr'>nisi</span> <span class='ocrx_word' id='word_1_219' title='bbox 554 3863 589 3906; x_wconf 88' lang='lat' dir='ltr'>eo</span> <span class='ocrx_word' id='word_1_220' title='bbox 605 3845 637 3904; x_wconf 89' lang='lat' dir='ltr'>iu</span> <span class='ocrx_word' id='word_1_221' title='bbox 652 3843 716 3905; x_wconf 89' lang='lat' dir='ltr'><strong>loco</strong></span> <span class='ocrx_word' id='word_1_222' title='bbox 732 3843 841 3908; x_wconf 85' lang='lat' dir='ltr'>Cretici</span> <span class='ocrx_word' id='word_1_223' title='bbox 857 3843 962 3906; x_wconf 85' lang='lat' dir='ltr'>latent.</span> <span class='ocrx_word' id='word_1_224' title='bbox 988 3844 1023 3908; x_wconf 92' lang='lat' dir='ltr'>V.</span> <span class='ocrx_word' id='word_1_225' title='bbox 1043 3841 1061 3928; x_wconf 62' lang='grc' dir='ltr'><strong>ξ</strong></span> <span class='ocrx_word' id='word_1_226' title='bbox 1077 3844 1150 3908; x_wconf 77' lang='lat'><strong>280.</strong></span> 
     </span>
    </p>
   </div>
   <div class='ocr_carea' id='block_1_14' title="bbox 258 4071 1335 4264">
    <p class='ocr_par' dir='ltr' id='par_1_14' title="bbox 258 4071 1335 4264">
     <span class='ocr_line' id='line_1_30' title="bbox 344 4071 1335 4158; baseline 0 -18"><span class='ocrx_word' id='word_1_227' title='bbox 344 4071 459 4158; x_wconf 71' lang='lat'>§282</span> <span class='ocrx_word' id='word_1_228' title='bbox 486 4075 697 4138; x_wconf 85' lang='lat' dir='ltr'>Memorabiles</span> <span class='ocrx_word' id='word_1_229' title='bbox 714 4084 789 4138; x_wconf 87' lang='lat' dir='ltr'>suut</span> <span class='ocrx_word' id='word_1_230' title='bbox 810 4075 896 4156; x_wconf 90' lang='lat' dir='ltr'>apud</span> <span class='ocrx_word' id='word_1_231' title='bbox 916 4075 1058 4139; x_wconf 85' lang='lat' dir='ltr'><strong>Plautum</strong></span> <span class='ocrx_word' id='word_1_232' title='bbox 1080 4079 1234 4143; x_wconf 87' lang='lat' dir='ltr'>Bacchiaci</span> <span class='ocrx_word' id='word_1_233' title='bbox 1256 4089 1335 4142; x_wconf 85' lang='lat' dir='ltr'><strong>cata-</strong></span> 
     </span>
     <span class='ocr_line' id='line_1_31' title="bbox 258 4178 1334 4264; baseline -0.001 -21"><span class='ocrx_word' id='word_1_234' title='bbox 258 4181 374 4262; x_wconf 84' lang='lat' dir='ltr'>lectici,</span> <span class='ocrx_word' id='word_1_235' title='bbox 402 4183 455 4262; x_wconf 92' lang='lat' dir='ltr'>qui</span> <span class='ocrx_word' id='word_1_236' title='bbox 477 4181 620 4242; x_wconf 89' lang='lat' dir='ltr'>ultimum</span> <span class='ocrx_word' id='word_1_237' title='bbox 642 4178 753 4260; x_wconf 90' lang='lat' dir='ltr'>pedem</span> <span class='ocrx_word' id='word_1_238' title='bbox 778 4179 914 4242; x_wconf 88' lang='lat' dir='ltr'>iambum</span> <span class='ocrx_word' id='word_1_239' title='bbox 937 4180 1063 4243; x_wconf 90' lang='lat' dir='ltr'>habent.</span> <span class='ocrx_word' id='word_1_240' title='bbox 1104 4181 1147 4243; x_wconf 84' lang='lat' dir='ltr'>Ac</span> <span class='ocrx_word' id='word_1_241' title='bbox 1168 4187 1267 4264; x_wconf 89' lang='lat' dir='ltr'>primo</span> <span class='ocrx_word' id='word_1_242' title='bbox 1289 4182 1334 4244; x_wconf 84' lang='lat' dir='ltr'>di-</span> 
     </span>
    </p>
   </div>
   <div class='ocr_carea' id='block_1_15' title="bbox 33 4283 1330 4368">
    <p class='ocr_par' dir='ltr' id='par_1_15' title="bbox 33 4283 1330 4368">
     <span class='ocr_line' id='line_1_32' title="bbox 33 4283 1330 4368; baseline 0.001 -23"><span class='ocrx_word' id='word_1_243' title='bbox 33 4294 35 4311; x_wconf 83' lang='lat'>&#39;</span> <span class='ocrx_word' id='word_1_244' title='bbox 125 4311 130 4321; x_wconf 66' lang='lat'><strong><em>¹</em></strong></span> <span class='ocrx_word' id='word_1_245' title='bbox 258 4285 363 4364; x_wconf 81' lang='lat' dir='ltr'>metri,</span> <span class='ocrx_word' id='word_1_246' title='bbox 395 4287 448 4365; x_wconf 92' lang='lat' dir='ltr'>qui</span> <span class='ocrx_word' id='word_1_247' title='bbox 472 4299 741 4365; x_wconf 84' lang='lat' dir='ltr'>quuur&#39;meusura</span> <span class='ocrx_word' id='word_1_248' title='bbox 765 4302 856 4364; x_wconf 92' lang='lat' dir='ltr'>pares</span> <span class='ocrx_word' id='word_1_249' title='bbox 884 4286 949 4359; x_wconf 90' lang='lat' dir='ltr'>siut</span> <span class='ocrx_word' id='word_1_250' title='bbox 970 4283 1135 4366; x_wconf 72' lang='lat' dir='ltr'>dochmii8‚</span> <span class='ocrx_word' id='word_1_251' title='bbox 1162 4305 1191 4348; x_wconf 92' lang='lat' dir='ltr'>v.</span> <span class='ocrx_word' id='word_1_252' title='bbox 1218 4285 1330 4368; x_wconf 43' lang='grc' dir='ltr'>ζῶ,</span> 
     </span>
    </p>
   </div>
   <div class='ocr_carea' id='block_1_16' title="bbox 0 0 1454 4960">
    <p class='ocr_par' dir='ltr' id='par_1_16' title="bbox 0 0 1454 4960">
     <span class='ocr_line' id='line_1_33' title="bbox 0 0 1454 4960; baseline 0 0"><span class='ocrx_word' id='word_1_253' title='bbox 0 0 1454 4960; x_wconf 95' lang='lat' dir='ltr'> </span> 
     </span>
    </p>
   </div>
  </div>
 </body>
</html>
