<?xml version="1.0" encoding="UTF-8"?>
<!DOCTYPE html PUBLIC "-//W3C//DTD XHTML 1.0 Transitional//EN"
    "http://www.w3.org/TR/xhtml1/DTD/xhtml1-transitional.dtd">
<html xmlns="http://www.w3.org/1999/xhtml" xml:lang="en" lang="en">
 <head>
  <title>
</title>
<meta http-equiv="Content-Type" content="text/html;charset=utf-8" />
  <meta name='ocr-system' content='tesseract 3.04.00' />
  <meta name='ocr-capabilities' content='ocr_page ocr_carea ocr_par ocr_line ocrx_word'/>
</head>
<body>
  <div class='ocr_page' id='page_1' title='image "./doctrinaemetric00hermgoog/doctrinaemetric00hermgoog_0060.png"; bbox 0 0 2930 4962; ppageno 0'>
   <div class='ocr_carea' id='block_1_1' title="bbox 484 385 910 438">
    <p class='ocr_par' dir='ltr' id='par_1_1' title="bbox 484 385 910 438">
     <span class='ocr_line' id='line_1_1' title="bbox 484 385 910 438; baseline 0.005 -2"><span class='ocrx_word' id='word_1_1' title='bbox 484 396 520 436; x_wconf 79' lang='lat' dir='ltr'><strong>ns</strong></span> <span class='ocrx_word' id='word_1_2' title='bbox 537 395 837 438; x_wconf 69' lang='lat' dir='ltr'><strong>nnunomnoommo</strong></span> <span class='ocrx_word' id='word_1_3' title='bbox 852 385 910 438; x_wconf 89' lang='lat' dir='ltr'><strong>etc.</strong></span> 
     </span>
    </p>
   </div>
   <div class='ocr_carea' id='block_1_2' title="bbox 607 553 781 623">
    <p class='ocr_par' dir='ltr' id='par_1_2' title="bbox 607 553 781 623">
     <span class='ocr_line' id='line_1_2' title="bbox 607 553 781 623; baseline 0.006 -1"><span class='ocrx_word' id='word_1_4' title='bbox 607 553 717 623; x_wconf 80' lang='lat' dir='ltr'><strong>cAP.</strong></span> <span class='ocrx_word' id='word_1_5' title='bbox 735 555 781 623; x_wconf 89' lang='lat' dir='ltr'><strong>V.</strong></span> 
     </span>
    </p>
   </div>
   <div class='ocr_carea' id='block_1_3' title="bbox 421 705 960 778">
    <p class='ocr_par' dir='ltr' id='par_1_3' title="bbox 421 705 960 778">
     <span class='ocr_line' id='line_1_3' title="bbox 421 705 960 778; baseline 0.002 -4"><span class='ocrx_word' id='word_1_6' title='bbox 421 706 480 776; x_wconf 87' lang='lat' dir='ltr'><strong>De</strong></span> <span class='ocrx_word' id='word_1_7' title='bbox 508 727 688 778; x_wconf 89' lang='lat' dir='ltr'><strong>numero</strong></span> <span class='ocrx_word' id='word_1_8' title='bbox 716 705 960 777; x_wconf 89' lang='lat' dir='ltr'><strong>trochaico.</strong></span> 
     </span>
    </p>
   </div>
   <div class='ocr_carea' id='block_1_4' title="bbox 231 838 1231 956">
    <p class='ocr_par' dir='ltr' id='par_1_4' title="bbox 231 838 1231 956">
     <span class='ocr_line' id='line_1_4' title="bbox 231 838 1231 956; baseline 0.005 -18"><span class='ocrx_word' id='word_1_9' title='bbox 231 873 264 954; x_wconf 67' lang='lat'><strong>§-</strong></span> <span class='ocrx_word' id='word_1_10' title='bbox 287 871 361 938; x_wconf 85' lang='lat'><strong>115.</strong></span> <span class='ocrx_word' id='word_1_11' title='bbox 401 838 613 938; x_wconf 41' lang='lat' dir='ltr'><strong>Trochai&#39;ci</strong></span> <span class='ocrx_word' id='word_1_12' title='bbox 643 875 783 956; x_wconf 81' lang='lat' dir='ltr'>plerique</span> <span class='ocrx_word' id='word_1_13' title='bbox 803 877 867 956; x_wconf 86' lang='lat' dir='ltr'><strong>¹per</strong></span> <span class='ocrx_word' id='word_1_14' title='bbox 896 875 1038 955; x_wconf 90' lang='lat' dir='ltr'><strong>dipodias</strong></span> <span class='ocrx_word' id='word_1_15' title='bbox 1068 880 1231 942; x_wconf 90' lang='lat' dir='ltr'><strong>incedunt:</strong></span> 
     </span>
    </p>
   </div>
   <div class='ocr_carea' id='block_1_5' title="bbox 139 977 1235 1230">
    <p class='ocr_par' dir='ltr' id='par_1_5' title="bbox 139 977 1235 1230">
     <span class='ocr_line' id='line_1_5' title="bbox 140 977 1235 1062; baseline 0.006 -22"><span class='ocrx_word' id='word_1_16' title='bbox 140 997 279 1059; x_wconf 89' lang='lat' dir='ltr'><strong>quarum</strong></span> <span class='ocrx_word' id='word_1_17' title='bbox 301 980 333 1040; x_wconf 89' lang='lat' dir='ltr'><strong>in</strong></span> <span class='ocrx_word' id='word_1_18' title='bbox 356 979 417 1040; x_wconf 88' lang='lat' dir='ltr'><strong>fine</strong></span> <span class='ocrx_word' id='word_1_19' title='bbox 439 998 555 1060; x_wconf 86' lang='lat' dir='ltr'><strong>anceps</strong></span> <span class='ocrx_word' id='word_1_20' title='bbox 569 977 743 1040; x_wconf 74' lang='lat' dir='ltr'><strong>admittitur</strong></span> <span class='ocrx_word' id='word_1_21' title='bbox 763 977 789 1061; x_wconf 58' lang='grc' dir='ltr'><strong>(ᾗ</strong></span> <span class='ocrx_word' id='word_1_22' title='bbox 810 978 906 1062; x_wconf 66' lang='lat' dir='ltr'><strong>tta),</strong></span> <span class='ocrx_word' id='word_1_23' title='bbox 933 999 1019 1042; x_wconf 88' lang='lat' dir='ltr'><strong>arses</strong></span> <span class='ocrx_word' id='word_1_24' title='bbox 1038 991 1142 1046; x_wconf 86' lang='lat' dir='ltr'><strong>autem</strong></span> <span class='ocrx_word' id='word_1_25' title='bbox 1158 986 1235 1046; x_wconf 85' lang='lat' dir='ltr'><strong>solvi</strong></span> 
     </span>
     <span class='ocr_line' id='line_1_6' title="bbox 139 1080 955 1164; baseline 0 -20"><span class='ocrx_word' id='word_1_26' title='bbox 139 1084 225 1144; x_wconf 85' lang='lat' dir='ltr'><strong>licet.</strong></span> <span class='ocrx_word' id='word_1_27' title='bbox 259 1080 335 1144; x_wconf 88' lang='lat' dir='ltr'><strong>lnde</strong></span> <span class='ocrx_word' id='word_1_28' title='bbox 350 1081 492 1164; x_wconf 86' lang='lat' dir='ltr'><strong>dipodiae</strong></span> <span class='ocrx_word' id='word_1_29' title='bbox 508 1084 679 1147; x_wconf 79' lang='lat' dir='ltr'><strong>trochaicae</strong></span> <span class='ocrx_word' id='word_1_30' title='bbox 694 1083 770 1144; x_wconf 90' lang='lat' dir='ltr'><strong>haec</strong></span> <span class='ocrx_word' id='word_1_31' title='bbox 785 1082 883 1145; x_wconf 86' lang='lat' dir='ltr'><strong>forma</strong></span> <span class='ocrx_word' id='word_1_32' title='bbox 898 1091 955 1161; x_wconf 85' lang='lat' dir='ltr'><strong>est,</strong></span> 
     </span>
     <span class='ocr_line' id='line_1_7' title="bbox 231 1180 435 1230; baseline 0.005 -1"><span class='ocrx_word' id='word_1_33' title='bbox 231 1184 255 1230; x_wconf 90' lang='lat'><strong>.&#39;</strong></span> <span class='ocrx_word' id='word_1_34' title='bbox 270 1199 296 1229; x_wconf 73' lang='grc' dir='ltr'><strong>υ</strong></span> <span class='ocrx_word' id='word_1_35' title='bbox 361 1219 382 1230; x_wconf 94' lang='grc'><strong>..</strong></span> <span class='ocrx_word' id='word_1_36' title='bbox 410 1180 435 1230; x_wconf 82' lang='grc' dir='ltr'><strong>ῦ</strong></span> 
     </span>
    </p>
   </div>
   <div class='ocr_carea' id='block_1_6' title="bbox 252 1302 397 1336">
    <p class='ocr_par' dir='ltr' id='par_1_6' title="bbox 252 1302 397 1336">
     <span class='ocr_line' id='line_1_8' title="bbox 252 1302 397 1336; baseline 0.014 -2"><span class='ocrx_word' id='word_1_37' title='bbox 252 1302 397 1336; x_wconf 70' lang='lat' dir='ltr'><strong>WW</strong></span> 
     </span>
    </p>
   </div>
   <div class='ocr_carea' id='block_1_7' title="bbox 139 1509 1233 1869">
    <p class='ocr_par' dir='ltr' id='par_1_7' title="bbox 139 1509 1233 1799">
     <span class='ocr_line' id='line_1_9' title="bbox 227 1509 1228 1598; baseline 0.005 -24"><span class='ocrx_word' id='word_1_38' title='bbox 227 1509 341 1592; x_wconf 67' lang='lat'><strong>5116.</strong></span> <span class='ocrx_word' id='word_1_39' title='bbox 367 1511 501 1586; x_wconf 90' lang='lat' dir='ltr'><strong>Quidam</strong></span> <span class='ocrx_word' id='word_1_40' title='bbox 510 1514 654 1575; x_wconf 89' lang='lat' dir='ltr'><strong>trochaici</strong></span> <span class='ocrx_word' id='word_1_41' title='bbox 662 1533 702 1574; x_wconf 83' lang='lat' dir='ltr'><strong>ex</strong></span> <span class='ocrx_word' id='word_1_42' title='bbox 711 1513 898 1594; x_wconf 81' lang='lat' dir='ltr'><strong>longioribus</strong></span> <span class='ocrx_word' id='word_1_43' title='bbox 906 1513 1067 1578; x_wconf 85' lang='lat' dir='ltr'><strong>ordinibus</strong></span> <span class='ocrx_word' id='word_1_44' title='bbox 1076 1527 1228 1598; x_wconf 84' lang='lat' dir='ltr'><strong>constant,</strong></span> 
     </span>
     <span class='ocr_line' id='line_1_10' title="bbox 141 1617 1233 1700; baseline 0.005 -23"><span class='ocrx_word' id='word_1_45' title='bbox 141 1633 275 1697; x_wconf 88' lang='lat' dir='ltr'><strong>quorum</strong></span> <span class='ocrx_word' id='word_1_46' title='bbox 291 1619 424 1678; x_wconf 85' lang='lat' dir='ltr'><strong>maxime</strong></span> <span class='ocrx_word' id='word_1_47' title='bbox 442 1618 648 1679; x_wconf 87' lang='lat' dir='ltr'><strong>memorabilis</strong></span> <span class='ocrx_word' id='word_1_48' title='bbox 664 1626 712 1680; x_wconf 89' lang='lat' dir='ltr'><strong>est</strong></span> <span class='ocrx_word' id='word_1_49' title='bbox 729 1617 1043 1698; x_wconf 82' lang='lat' dir='ltr'><strong>ithyphallicus,</strong></span> <span class='ocrx_word' id='word_1_50' title='bbox 1062 1621 1116 1700; x_wconf 88' lang='lat' dir='ltr'><strong>qui</strong></span> <span class='ocrx_word' id='word_1_51' title='bbox 1131 1630 1179 1683; x_wconf 89' lang='lat' dir='ltr'><strong>est</strong></span> <span class='ocrx_word' id='word_1_52' title='bbox 1193 1642 1233 1684; x_wconf 78' lang='lat' dir='ltr'><strong>ex</strong></span> 
     </span>
     <span class='ocr_line' id='line_1_11' title="bbox 139 1719 394 1799; baseline 0 -19"><span class='ocrx_word' id='word_1_53' title='bbox 139 1719 249 1782; x_wconf 89' lang='lat' dir='ltr'><strong>ordine</strong></span> <span class='ocrx_word' id='word_1_54' title='bbox 265 1721 394 1799; x_wconf 90' lang='lat' dir='ltr'><strong>triplici:</strong></span> 
     </span>
    </p>

    <p class='ocr_par' dir='ltr' id='par_1_8' title="bbox 249 1815 460 1869">
     <span class='ocr_line' id='line_1_12' title="bbox 249 1815 460 1869; baseline -0.005 -2"><span class='ocrx_word' id='word_1_55' title='bbox 249 1821 273 1867; x_wconf 83' lang='lat'><strong>.‘</strong></span> <span class='ocrx_word' id='word_1_56' title='bbox 290 1838 315 1869; x_wconf 80' lang='grc' dir='ltr'><strong>υ</strong></span> <span class='ocrx_word' id='word_1_57' title='bbox 351 1856 373 1867; x_wconf 87' lang='grc'><strong>..</strong></span> <span class='ocrx_word' id='word_1_58' title='bbox 387 1815 460 1868; x_wconf 63' lang='lat' dir='ltr'><strong>vj</strong></span> 
     </span>
    </p>
   </div>
   <div class='ocr_carea' id='block_1_8' title="bbox 225 1939 374 1972">
    <p class='ocr_par' dir='ltr' id='par_1_9' title="bbox 225 1939 374 1972">
     <span class='ocr_line' id='line_1_13' title="bbox 225 1939 374 1972; baseline 0 0"><span class='ocrx_word' id='word_1_59' title='bbox 225 1939 278 1972; x_wconf 67' lang='lat' dir='ltr'><strong>w</strong></span> <span class='ocrx_word' id='word_1_60' title='bbox 322 1940 374 1972; x_wconf 51' lang='lat' dir='ltr'><strong>&amp;N</strong></span> 
     </span>
    </p>
   </div>
   <div class='ocr_carea' id='block_1_9' title="bbox 144 2028 1225 2216">
    <p class='ocr_par' dir='ltr' id='par_1_10' title="bbox 144 2028 1225 2216">
     <span class='ocr_line' id='line_1_14' title="bbox 144 2028 1225 2114; baseline 0.008 -25"><span class='ocrx_word' id='word_1_61' title='bbox 144 2030 242 2100; x_wconf 87' lang='lat' dir='ltr'><strong>Quare</strong></span> <span class='ocrx_word' id='word_1_62' title='bbox 265 2030 298 2089; x_wconf 90' lang='lat' dir='ltr'><strong>in</strong></span> <span class='ocrx_word' id='word_1_63' title='bbox 321 2029 379 2091; x_wconf 92' lang='lat' dir='ltr'><strong>hoc</strong></span> <span class='ocrx_word' id='word_1_64' title='bbox 402 2048 465 2090; x_wconf 93' lang='lat' dir='ltr'><strong>non</strong></span> <span class='ocrx_word' id='word_1_65' title='bbox 480 2028 639 2091; x_wconf 90' lang='lat' dir='ltr'><strong>secundus</strong></span> <span class='ocrx_word' id='word_1_66' title='bbox 662 2049 735 2110; x_wconf 88' lang='lat' dir='ltr'><strong>pes,</strong></span> <span class='ocrx_word' id='word_1_67' title='bbox 761 2032 864 2111; x_wconf 87' lang='lat' dir='ltr'><strong>utqui</strong></span> <span class='ocrx_word' id='word_1_68' title='bbox 885 2032 916 2092; x_wconf 90' lang='lat' dir='ltr'><strong>in</strong></span> <span class='ocrx_word' id='word_1_69' title='bbox 937 2031 1038 2094; x_wconf 90' lang='lat' dir='ltr'><strong>medic</strong></span> <span class='ocrx_word' id='word_1_70' title='bbox 1053 2032 1160 2096; x_wconf 88' lang='lat' dir='ltr'><strong>ordine</strong></span> <span class='ocrx_word' id='word_1_71' title='bbox 1176 2037 1225 2114; x_wconf 89' lang='lat' dir='ltr'><strong>sit,</strong></span> 
     </span>
     <span class='ocr_line' id='line_1_15' title="bbox 148 2129 806 2216; baseline 0.006 -26"><span class='ocrx_word' id='word_1_72' title='bbox 148 2129 201 2194; x_wconf 90' lang='lat' dir='ltr'><strong>sed</strong></span> <span class='ocrx_word' id='word_1_73' title='bbox 216 2133 323 2194; x_wconf 83' lang='lat' dir='ltr'><strong>tertius</strong></span> <span class='ocrx_word' id='word_1_74' title='bbox 338 2132 512 2216; x_wconf 88' lang='lat' dir='ltr'><strong>spondeum</strong></span> <span class='ocrx_word' id='word_1_75' title='bbox 528 2131 662 2195; x_wconf 89' lang='lat' dir='ltr'><strong>admittit</strong></span> <span class='ocrx_word' id='word_1_76' title='bbox 683 2131 709 2215; x_wconf 57' lang='grc' dir='ltr'><strong>(ᾗ</strong></span> <span class='ocrx_word' id='word_1_77' title='bbox 727 2131 806 2215; x_wconf 79' lang='grc'><strong>67.).</strong></span> 
     </span>
    </p>
   </div>
   <div class='ocr_carea' id='block_1_10' title="bbox 535 2341 841 2350">
    <p class='ocr_par' dir='ltr' id='par_1_11' title="bbox 535 2341 841 2350">
     <span class='ocr_line' id='line_1_16' title="bbox 535 2341 841 2350; baseline 0.007 -4"><span class='ocrx_word' id='word_1_78' title='bbox 535 2341 841 2350; x_wconf 74' lang='lat'><strong>——-—-—..—--...--</strong></span> 
     </span>
    </p>
   </div>
   <div class='ocr_carea' id='block_1_11' title="bbox 587 2484 784 2554">
    <p class='ocr_par' dir='ltr' id='par_1_12' title="bbox 587 2484 784 2554">
     <span class='ocr_line' id='line_1_17' title="bbox 587 2484 784 2554; baseline 0.005 -1"><span class='ocrx_word' id='word_1_79' title='bbox 587 2484 697 2553; x_wconf 83' lang='lat' dir='ltr'><strong>cAP.</strong></span> <span class='ocrx_word' id='word_1_80' title='bbox 717 2485 784 2554; x_wconf 84' lang='lat' dir='ltr'><strong>VL</strong></span> 
     </span>
    </p>
   </div>
   <div class='ocr_carea' id='block_1_12' title="bbox 188 2634 1176 2826">
    <p class='ocr_par' dir='ltr' id='par_1_13' title="bbox 188 2634 1176 2826">
     <span class='ocr_line' id='line_1_18' title="bbox 188 2634 1176 2724; baseline 0.007 -20"><span class='ocrx_word' id='word_1_81' title='bbox 188 2636 248 2705; x_wconf 87' lang='lat' dir='ltr'><strong>De</strong></span> <span class='ocrx_word' id='word_1_82' title='bbox 278 2636 525 2707; x_wconf 87' lang='lat' dir='ltr'><strong>trochaicis</strong></span> <span class='ocrx_word' id='word_1_83' title='bbox 552 2637 855 2720; x_wconf 89' lang='lat' dir='ltr'><strong>monometris,</strong></span> <span class='ocrx_word' id='word_1_84' title='bbox 883 2634 1106 2724; x_wconf 78' lang='lat' dir='ltr'><strong>dimetriS,</strong></span> <span class='ocrx_word' id='word_1_85' title='bbox 1134 2651 1176 2710; x_wconf 89' lang='lat' dir='ltr'><strong>et</strong></span> 
     </span>
     <span class='ocr_line' id='line_1_19' title="bbox 572 2755 798 2826; baseline -0.004 -1"><span class='ocrx_word' id='word_1_86' title='bbox 572 2755 798 2826; x_wconf 86' lang='lat' dir='ltr'><strong>trimetris.</strong></span> 
     </span>
    </p>
   </div>
   <div class='ocr_carea' id='block_1_13' title="bbox 137 2922 1243 4354">
    <p class='ocr_par' dir='ltr' id='par_1_14' title="bbox 137 2922 1243 3626">
     <span class='ocr_line' id='line_1_20' title="bbox 224 2922 1227 3009; baseline 0.007 -23"><span class='ocrx_word' id='word_1_87' title='bbox 224 2922 341 3004; x_wconf 69' lang='lat'><strong>5117.</strong></span> <span class='ocrx_word' id='word_1_88' title='bbox 369 2928 583 2988; x_wconf 86' lang='lat' dir='ltr'><strong>Trochaici</strong></span> <span class='ocrx_word' id='word_1_89' title='bbox 600 2927 834 2988; x_wconf 91' lang='lat' dir='ltr'><strong>monometri</strong></span> <span class='ocrx_word' id='word_1_90' title='bbox 855 2925 918 2988; x_wconf 84' lang='lat' dir='ltr'><strong>iere</strong></span> <span class='ocrx_word' id='word_1_91' title='bbox 933 2929 965 2988; x_wconf 90' lang='lat' dir='ltr'><strong>in</strong></span> <span class='ocrx_word' id='word_1_92' title='bbox 981 2933 1157 3009; x_wconf 80' lang='lat' dir='ltr'><strong>systematis</strong></span> <span class='ocrx_word' id='word_1_93' title='bbox 1173 2934 1227 2993; x_wconf 92' lang='lat' dir='ltr'><strong>in-</strong></span> 
     </span>
     <span class='ocr_line' id='line_1_21' title="bbox 139 3030 1225 3111; baseline 0.008 -23"><span class='ocrx_word' id='word_1_94' title='bbox 139 3030 326 3106; x_wconf 85' lang='lat' dir='ltr'><strong>veniuntur,</strong></span> <span class='ocrx_word' id='word_1_95' title='bbox 352 3047 449 3108; x_wconf 84' lang='lat' dir='ltr'><strong>quae,</strong></span> <span class='ocrx_word' id='word_1_96' title='bbox 476 3031 561 3090; x_wconf 89' lang='lat' dir='ltr'><strong>utin</strong></span> <span class='ocrx_word' id='word_1_97' title='bbox 584 3031 741 3111; x_wconf 81' lang='lat' dir='ltr'><strong>plerisque</strong></span> <span class='ocrx_word' id='word_1_98' title='bbox 763 3030 829 3092; x_wconf 91' lang='lat' dir='ltr'><strong>aliis</strong></span> <span class='ocrx_word' id='word_1_99' title='bbox 845 3033 1001 3110; x_wconf 90' lang='lat' dir='ltr'><strong>numeris,</strong></span> <span class='ocrx_word' id='word_1_100' title='bbox 1027 3035 1071 3094; x_wconf 92' lang='lat' dir='ltr'><strong>sic</strong></span> <span class='ocrx_word' id='word_1_101' title='bbox 1086 3035 1178 3096; x_wconf 88' lang='lat' dir='ltr'><strong>etiam</strong></span> <span class='ocrx_word' id='word_1_102' title='bbox 1194 3036 1225 3097; x_wconf 90' lang='lat' dir='ltr'><strong>in</strong></span> 
     </span>
     <span class='ocr_line' id='line_1_22' title="bbox 138 3131 1225 3213; baseline 0.009 -21"><span class='ocrx_word' id='word_1_103' title='bbox 138 3133 288 3193; x_wconf 83' lang='lat' dir='ltr'><strong>trochaico</strong></span> <span class='ocrx_word' id='word_1_104' title='bbox 303 3151 343 3192; x_wconf 83' lang='lat' dir='ltr'><strong>ex</strong></span> <span class='ocrx_word' id='word_1_105' title='bbox 359 3131 545 3194; x_wconf 88' lang='lat' dir='ltr'><strong>dimetris</strong></span> <span class='ocrx_word' id='word_1_106' title='bbox 561 3133 652 3195; x_wconf 89' lang='lat' dir='ltr'><strong>condi</strong></span> <span class='ocrx_word' id='word_1_107' title='bbox 668 3134 783 3213; x_wconf 86' lang='lat' dir='ltr'><strong>soient,</strong></span> <span class='ocrx_word' id='word_1_108' title='bbox 804 3137 937 3198; x_wconf 82' lang='lat' dir='ltr'><strong>maxime</strong></span> <span class='ocrx_word' id='word_1_109' title='bbox 952 3157 969 3197; x_wconf 90' lang='lat' dir='ltr'><strong>a</strong></span> <span class='ocrx_word' id='word_1_110' title='bbox 985 3138 1117 3199; x_wconf 90' lang='lat' dir='ltr'><strong>comicis.</strong></span> <span class='ocrx_word' id='word_1_111' title='bbox 1145 3141 1225 3202; x_wconf 87' lang='lat' dir='ltr'><strong>Haec</strong></span> 
     </span>
     <span class='ocr_line' id='line_1_23' title="bbox 137 3238 1226 3317; baseline 0.008 -21"><span class='ocrx_word' id='word_1_112' title='bbox 137 3243 302 3317; x_wconf 82' lang='lat' dir='ltr'><strong>systemata</strong></span> <span class='ocrx_word' id='word_1_113' title='bbox 324 3255 386 3297; x_wconf 87' lang='lat' dir='ltr'><strong>una</strong></span> <span class='ocrx_word' id='word_1_114' title='bbox 401 3238 605 3316; x_wconf 86' lang='lat' dir='ltr'><strong>perpetuitate</strong></span> <span class='ocrx_word' id='word_1_115' title='bbox 629 3239 862 3317; x_wconf 82' lang='lat' dir='ltr'><strong>continuantur,</strong></span> <span class='ocrx_word' id='word_1_116' title='bbox 890 3239 974 3300; x_wconf 87' lang='lat' dir='ltr'><strong>finita</strong></span> <span class='ocrx_word' id='word_1_117' title='bbox 991 3258 1083 3302; x_wconf 90' lang='lat' dir='ltr'><strong>versu</strong></span> <span class='ocrx_word' id='word_1_118' title='bbox 1106 3243 1226 3305; x_wconf 89' lang='lat' dir='ltr'><strong>catale-</strong></span> 
     </span>
     <span class='ocr_line' id='line_1_24' title="bbox 137 3338 1220 3426; baseline 0.009 -28"><span class='ocrx_word' id='word_1_119' title='bbox 137 3340 229 3399; x_wconf 84' lang='lat' dir='ltr'><strong>ctico:</strong></span> <span class='ocrx_word' id='word_1_120' title='bbox 250 3356 346 3419; x_wconf 89' lang='lat' dir='ltr'><strong>quare</strong></span> <span class='ocrx_word' id='word_1_121' title='bbox 362 3358 424 3400; x_wconf 91' lang='lat' dir='ltr'><strong>non</strong></span> <span class='ocrx_word' id='word_1_122' title='bbox 441 3349 488 3400; x_wconf 88' lang='lat' dir='ltr'><strong>est</strong></span> <span class='ocrx_word' id='word_1_123' title='bbox 503 3338 598 3400; x_wconf 88' lang='lat' dir='ltr'><strong>hiatui</strong></span> <span class='ocrx_word' id='word_1_124' title='bbox 614 3341 646 3400; x_wconf 92' lang='lat' dir='ltr'><strong>in</strong></span> <span class='ocrx_word' id='word_1_125' title='bbox 662 3341 724 3402; x_wconf 84' lang='lat' dir='ltr'><strong>hnc</strong></span> <span class='ocrx_word' id='word_1_126' title='bbox 746 3342 937 3420; x_wconf 81' lang='lat' dir='ltr'><strong>singulorum</strong></span> <span class='ocrx_word' id='word_1_127' title='bbox 954 3361 1101 3404; x_wconf 87' lang='lat' dir='ltr'><strong>versuum</strong></span> <span class='ocrx_word' id='word_1_128' title='bbox 1125 3345 1220 3426; x_wconf 91' lang='lat' dir='ltr'><strong>locus,</strong></span> 
     </span>
     <span class='ocr_line' id='line_1_25' title="bbox 138 3443 1222 3524; baseline 0.01 -22"><span class='ocrx_word' id='word_1_129' title='bbox 138 3460 237 3522; x_wconf 88' lang='lat' dir='ltr'><strong>neque</strong></span> <span class='ocrx_word' id='word_1_130' title='bbox 261 3443 374 3522; x_wconf 83' lang='lat' dir='ltr'><strong>integra</strong></span> <span class='ocrx_word' id='word_1_131' title='bbox 399 3462 471 3503; x_wconf 90' lang='lat' dir='ltr'><strong>voce</strong></span> <span class='ocrx_word' id='word_1_132' title='bbox 495 3444 573 3504; x_wconf 85' lang='lat' dir='ltr'><strong>finiri</strong></span> <span class='ocrx_word' id='word_1_133' title='bbox 596 3462 706 3505; x_wconf 89' lang='lat' dir='ltr'><strong>versus</strong></span> <span class='ocrx_word' id='word_1_134' title='bbox 728 3461 855 3508; x_wconf 87' lang='lat' dir='ltr'><strong>necesse</strong></span> <span class='ocrx_word' id='word_1_135' title='bbox 877 3444 1026 3524; x_wconf 84' lang='lat' dir='ltr'><strong>habetur,</strong></span> <span class='ocrx_word' id='word_1_136' title='bbox 1050 3447 1107 3510; x_wconf 91' lang='lat' dir='ltr'><strong>sed</strong></span> <span class='ocrx_word' id='word_1_137' title='bbox 1126 3457 1222 3512; x_wconf 87' lang='lat' dir='ltr'><strong>totum</strong></span> 
     </span>
     <span class='ocr_line' id='line_1_26' title="bbox 138 3545 1243 3626; baseline 0.01 -22"><span class='ocrx_word' id='word_1_138' title='bbox 138 3554 270 3624; x_wconf 80' lang='lat' dir='ltr'><strong>systema</strong></span> <span class='ocrx_word' id='word_1_139' title='bbox 286 3547 380 3607; x_wconf 86' lang='lat' dir='ltr'><strong>unius</strong></span> <span class='ocrx_word' id='word_1_140' title='bbox 398 3565 505 3608; x_wconf 88' lang='lat' dir='ltr'><strong>versus</strong></span> <span class='ocrx_word' id='word_1_141' title='bbox 522 3547 619 3607; x_wconf 87' lang='lat' dir='ltr'><strong>instar</strong></span> <span class='ocrx_word' id='word_1_142' title='bbox 633 3555 689 3609; x_wconf 91' lang='lat' dir='ltr'><strong>est.</strong></span> <span class='ocrx_word' id='word_1_143' title='bbox 720 3545 940 3626; x_wconf 78' lang='lat' dir='ltr'><strong>Aristophanes</strong></span> <span class='ocrx_word' id='word_1_144' title='bbox 956 3549 986 3608; x_wconf 89' lang='lat' dir='ltr'><strong>in</strong></span> <span class='ocrx_word' id='word_1_145' title='bbox 1004 3550 1078 3613; x_wconf 85' lang='lat' dir='ltr'><strong>Pace</strong></span> <span class='ocrx_word' id='word_1_146' title='bbox 1096 3571 1124 3612; x_wconf 88' lang='lat' dir='ltr'><strong>v.</strong></span> <span class='ocrx_word' id='word_1_147' title='bbox 1146 3557 1218 3615; x_wconf 86' lang='grc'><strong>339.</strong></span> <span class='ocrx_word' id='word_1_148' title='bbox 1240 3585 1243 3589; x_wconf 93' lang='grc'>-</span> 
     </span>
    </p>

    <p class='ocr_par' dir='ltr' id='par_1_15' title="bbox 220 3638 670 3734">
     <span class='ocr_line' id='line_1_27' title="bbox 220 3638 670 3734; baseline 0.004 -25"><span class='ocrx_word' id='word_1_149' title='bbox 220 3643 279 3709; x_wconf 86' lang='grc' dir='ltr'><strong>καὶ</strong></span> <span class='ocrx_word' id='word_1_150' title='bbox 293 3649 407 3728; x_wconf 81' lang='grc' dir='ltr'><em>βοᾶτε,</em></span> <span class='ocrx_word' id='word_1_151' title='bbox 425 3643 481 3711; x_wconf 83' lang='grc' dir='ltr'><strong>καὶ</strong></span> <span class='ocrx_word' id='word_1_152' title='bbox 497 3639 616 3731; x_wconf 73' lang='grc' dir='ltr'><strong><em>γελᾶτ’·</em></strong></span> <span class='ocrx_word' id='word_1_153' title='bbox 632 3638 670 3734; x_wconf 76' lang='grc' dir='ltr'><strong>ἤ-</strong></span> 
     </span>
    </p>

    <p class='ocr_par' dir='ltr' id='par_1_16' title="bbox 221 3744 670 3835">
     <span class='ocr_line' id='line_1_28' title="bbox 221 3744 670 3835; baseline 0.002 -23"><span class='ocrx_word' id='word_1_154' title='bbox 221 3746 261 3835; x_wconf 79' lang='grc' dir='ltr'><strong>δη</strong></span> <span class='ocrx_word' id='word_1_155' title='bbox 277 3746 336 3835; x_wconf 80' lang='grc' dir='ltr'><strong>γὰρ</strong></span> <span class='ocrx_word' id='word_1_156' title='bbox 353 3747 483 3828; x_wconf 75' lang='grc' dir='ltr'><strong><em>ἐξέσται</em></strong></span> <span class='ocrx_word' id='word_1_157' title='bbox 498 3744 575 3814; x_wconf 82' lang='grc' dir='ltr'><strong><em>τόθ’</em></strong></span> <span class='ocrx_word' id='word_1_158' title='bbox 591 3744 670 3832; x_wconf 77' lang='grc' dir='ltr'><strong><em>ὑμῖν</em></strong></span> 
     </span>
    </p>

    <p class='ocr_par' dir='ltr' id='par_1_17' title="bbox 221 3848 797 3936">
     <span class='ocr_line' id='line_1_29' title="bbox 221 3848 797 3936; baseline 0.007 -24"><span class='ocrx_word' id='word_1_159' title='bbox 221 3855 323 3934; x_wconf 78' lang='grc' dir='ltr'><strong><em>πιεῖν,</em></strong></span> <span class='ocrx_word' id='word_1_160' title='bbox 339 3849 459 3936; x_wconf 82' lang='grc' dir='ltr'><strong><em>μένειν,</em></strong></span> <span class='ocrx_word' id='word_1_161' title='bbox 479 3855 591 3935; x_wconf 83' lang='grc' dir='ltr'><strong><em>κινεῖν,</em></strong></span> <span class='ocrx_word' id='word_1_162' title='bbox 607 3848 797 3934; x_wconf 79' lang='grc' dir='ltr'><strong><em>καθεύδειν,</em></strong></span> 
     </span>
    </p>

    <p class='ocr_par' dir='ltr' id='par_1_18' title="bbox 221 3951 639 4044">
     <span class='ocr_line' id='line_1_30' title="bbox 221 3951 639 4044; baseline -0.002 -24"><span class='ocrx_word' id='word_1_163' title='bbox 221 3951 254 4032; x_wconf 79' lang='grc' dir='ltr'><strong>ἐς</strong></span> <span class='ocrx_word' id='word_1_164' title='bbox 269 3951 470 4044; x_wconf 75' lang='grc' dir='ltr'><strong><em>πανηγύρεις</em></strong></span> <span class='ocrx_word' id='word_1_165' title='bbox 484 3958 639 4042; x_wconf 87' lang='grc' dir='ltr'><strong><em>θεωρεῖν,</em></strong></span> 
     </span>
    </p>

    <p class='ocr_par' dir='ltr' id='par_1_19' title="bbox 222 4053 646 4144">
     <span class='ocr_line' id='line_1_31' title="bbox 222 4053 646 4144; baseline -0.002 -21"><span class='ocrx_word' id='word_1_166' title='bbox 222 4053 414 4141; x_wconf 75' lang='grc' dir='ltr'><strong><em>ἑστιᾶσθαι,</em></strong></span> <span class='ocrx_word' id='word_1_167' title='bbox 431 4056 646 4144; x_wconf 76' lang='grc' dir='ltr'><strong><em>κοτταβίζειν,</em></strong></span> 
     </span>
    </p>

    <p class='ocr_par' dir='ltr' id='par_1_20' title="bbox 222 4159 419 4250">
     <span class='ocr_line' id='line_1_32' title="bbox 222 4159 419 4250; baseline -0.005 -23"><span class='ocrx_word' id='word_1_168' title='bbox 222 4159 419 4250; x_wconf 74' lang='grc' dir='ltr'><strong><em>συβαρίζειν,</em></strong></span> 
     </span>
    </p>

    <p class='ocr_par' dir='ltr' id='par_1_21' title="bbox 283 4261 626 4354">
     <span class='ocr_line' id='line_1_33' title="bbox 283 4261 626 4354; baseline 0 -22"><span class='ocrx_word' id='word_1_169' title='bbox 283 4261 337 4332; x_wconf 81' lang='grc' dir='ltr'><strong>ἰοῦ</strong></span> <span class='ocrx_word' id='word_1_170' title='bbox 355 4262 410 4332; x_wconf 79' lang='grc' dir='ltr'><strong>ἰοῦ</strong></span> <span class='ocrx_word' id='word_1_171' title='bbox 424 4261 626 4354; x_wconf 78' lang='grc' dir='ltr'><strong><em>κεκραγέναι.</em></strong></span> 
     </span>
    </p>
   </div>
   <div class='ocr_carea' id='block_1_14' title="bbox 0 0 1472 4962">
    <p class='ocr_par' dir='ltr' id='par_1_22' title="bbox 0 0 1472 4962">
     <span class='ocr_line' id='line_1_34' title="bbox 0 0 1472 4962; baseline 0 0"><span class='ocrx_word' id='word_1_172' title='bbox 0 0 1472 4962; x_wconf 95' lang='lat' dir='ltr'><strong> </strong></span> 
     </span>
    </p>
   </div>
  </div>
 </body>
</html>
