2930 4962
634 373 690 416 un.
710 376 742 415 ll.
776 374 839 415 Call’.
858 375 897 416 xl.
918 373 970 414 ΧΠ.

710 619 820 690 OAP.
839 619 909 689 XL

529 770 588 840 De
614 792 743 846 versu
771 771 1079 864 ithyphallico

309 909 314 918 ⁸
348 955 456 1037 5131.
476 958 591 1020 Versus
607 957 921 1036 ithyphallicus,
941 960 1005 1038 qui,
1021 957 1353 1037 quodexunoordine

264 1059 417 1142 periodica
432 1069 569 1138 constat,
588 1081 694 1123 omnes
709 1061 866 1122 trochaeos
881 1079 976 1141 puros
992 1060 1105 1122 habere
1121 1061 1224 1138 debet,
1247 1080 1354 1140 neque

263 1164 357 1226 alium
373 1173 531 1244 practerea
547 1163 675 1244 pedem,
699 1183 792 1245 quam
817 1164 1024 1241 tribrachum,
1049 1163 1183 1225 admittit
1202 1163 1228 1245 (ᾗ
1249 1166 1350 1246 ltu),

262 1265 319 1328 sed
334 1285 407 1328 eum
421 1285 484 1327 uon
500 1268 531 1328 in
547 1268 655 1328 ultimo
670 1267 767 1346 pede,
795 1268 867 1346 quia
890 1269 1094 1329 remissiorem
1109 1269 1141 1328 in
1156 1268 1218 1328 line
1234 1287 1355 1330 nume-

262 1389 332 1432 rum
347 1387 416 1430 esse
431 1369 529 1449 decet,
549 1371 652 1450 lyricis
668 1371 801 1432 maxime
816 1369 906 1451 cpodi
923 1371 987 1434 loeo
1004 1379 1181 1452 usurpatur.
1210 1373 1355 1432 Simoni-

262 1472 319 1534 des
334 1491 383 1551 ap.
403 1474 505 1553 Etym.
524 1477 561 1534 Μ.
580 1494 612 1554 p.
628 1475 698 1551 lla,
712 1476 762 1534 23.

349 1578 422 1652 οἷον
437 1584 508 1656 τόδ’
524 1586 603 1678 ἡμῖν
619 1585 758 1676 ἑρπετὸν
773 1588 984 1676 παρέπτατο,

415 1688 514 1778 {dioc
528 1689 695 1761 κάκιστον.

266 1818 343 1878 Tum
360 1819 391 1880 in
407 1819 591 1897 asynartetis
606 1789 814 1897 quibusdam,
834 1827 870 1880 ut
883 1818 969 1898 apud
985 1818 1217 1882 Archilochum:
1262 1831 1264 1837 '

350 1910 409 1981 οὐκ
426 1910 478 1982 ἔθ’
495 1912 586 2001 ὁμῶς
600 1915 743 1995 &dilate
758 1913 890 1982 ἁπαλὸν
904 1914 1003 2002 χρόα·
1020 1915 1184 2006 κάρφεται
1200 1916 1261 2005 γὰρ
1278 1911 1356 2006 ἤδη.
1460 1949 1461 1958 ¹

265 2023 382 2102 Tragici
395 2022 502 2086 Gracci
516 2035 548 2088 ot
562 2026 668 2086 comici
684 2033 817 2088 utuntur
827 2026 884 2086 hoc
900 2044 993 2088 vorsu
1003 2025 1160 2091 interdum
1177 2027 1208 2086 iu
1221 2026 1353 2088 melicis.

264 2129 440 2191 Latinorum
457 2130 570 2191 scenici
585 2128 775 2216 abstinuisse
792 2128 832 2189 ab
848 2149 884 2190 co
898 2129 1054 2192 videntur.

699 2515 809 2583 cAP.
829 2513 919 2582 XII.

563 2670 621 2738 De
649 2688 830 2738 numero
859 2666 1060 2736 iambico.

352 2853 478 2938 6132,
509 2858 713 2918 Numerum
743 2852 955 2916 iambicum
986 2869 1080 2931 supra
1109 2849 1215 2932 §tta
1249 2863 1362 2916 osten-

265 2962 368 3024 dimus
391 2981 426 3022 eo
451 2960 573 3022 differre
594 2979 612 3020 a
636 2957 804 3034 trochaico,
828 2954 912 3035 quod
933 2957 1099 3019 anacrusin
1116 2953 1219 3016 hahet.
1255 2954 1362 3037 Atque

265 3065 387 3126 iambici
410 3083 534 3146 quoque
558 3079 666 3122 versus
690 3060 752 3121 lore
775 3078 831 3140 per
853 3057 992 3144 dipodius
1023 3057 1188 3136 incedunt,
1215 3065 1362 3124 anacrusi

267 3168 384 3248 ubique
401 3167 535 3248 ancipiti,
552 3164 675 3226 arsibus
687 3171 801 3241 autern,
821 3172 944 3242 praeter
956 3163 1106 3240 ultimam,
1123 3179 1215 3244 saepe
1227 3164 1358 3226 solutis:

351 3266 376 3316 ὗ
398 3269 461 3316 Lx)
483 3261 721 3370 ..pOLu-p'a
744 3265 830 3311 Lx)-

386 3405 438 3437 w
464 3371 522 3474 &Nl
560 3403 612 3434 W
627 3367 689 3472 &Ni
732 3401 783 3432 kk)

266 3495 352 3558 Vnde
381 3494 498 3558 metrici
524 3495 556 3556 in
583 3489 753 3575 imparibus
780 3493 853 3553 loeis
884 3490 1054 3569 spondeum
1086 3488 1207 3550 admitti
1234 3487 1358 3552 docent.

268 3601 318 3662 Sic
339 3600 397 3660 hoc
420 3616 548 3665 numero
564 3598 613 3658 usi
633 3606 708 3658 sunt
727 3595 940 3676 iambograpbi
963 3604 993 3654 ct
1010 3594 1130 3673 tragici,
1157 3606 1362 3672 anapaestum

268 3722 329 3764 non
355 3702 412 3764 nisi
436 3704 466 3762 in
493 3702 615 3762 nomine
638 3700 760 3791 proprio
780 3706 811 3760 ct
833 3717 893 3760 non
917 3699 946 3757 in
972 3697 1078 3760 ultimo
1094 3695 1173 3776 pede
1190 3695 1364 3760 admitten-

266 3817 322 3868 tes.
358 3807 484 3885 Vtrique
508 3804 663 3867 interdum
687 3802 758 3864 data
783 3820 874 3881 opera
898 3809 1063 3878 curarunt,
1091 3810 1125 3860 ut
1140 3798 1236 3880 pedes
1253 3820 1362 3864 ornnes

267 3911 336 3990 puri
352 3909 447 3970 iambi
463 3917 576 3970 essent.
610 3909 666 3968 Est
690 3915 794 3968 tamen
816 3923 914 3985 genus
931 3904 1116 3981 iambicum,
1142 3902 1227 3983 quod
1245 3923 1306 3964 non
1322 3925 1363 3966 ex

267 4011 399 4091 dipodiis
423 4021 556 4073 constat:
584 4009 622 4072 dc
646 4029 707 4089 quo
735 4008 855 4071 dicetur
882 4009 913 4068 in
936 4007 1125 4087 antispastioi
1155 4009 1278 4069 numeri
1301 4025 1385 4070 cx-·

268 4116 441 4204 plicatione.
