2922 4948
137 385 143 395 ·
234 350 295 430 194
640 365 697 410 uu
715 366 762 412 ω.
796 365 906 410 cm.

234 523 412 601 Fragmenta
435 519 517 584 iliius
535 521 637 600 operis
657 521 747 602 posui
770 521 801 584 in
816 519 983 584 Elemeutis
999 516 1155 583 doctrinae
1175 518 1321 578 metricae

235 644 266 704 p.
278 627 312 685 64
321 626 350 684 8.
370 641 457 704 seqq.
476 623 590 703 quibus
606 643 645 686 ex
661 633 747 686 sexto
762 623 840 686 libro
855 621 997 685 addenda
1013 640 1091 704 esse,
1111 641 1191 702 quae
1208 620 1323 683 Chari-

160 749 166 764 =
223 730 300 800 ‚sius
315 729 429 809 pars.
457 746 518 790 non
540 727 696 788 nominato
717 736 841 792 auctore
857 727 955 806 affert,
982 743 1173 806 expressae.
1192 743 1223 785 v,
1244 725 1319 784 295.

236 833 309 894 296.
328 831 407 893 vidit
420 833 457 894 M.
477 831 643 914 Hauptius:

321 970 374 1032 abt
389 988 513 1032 mancas
527 968 636 1048 sedato,
656 969 793 1031 dicaam
808 967 924 1031 videte

290 1073 294 1084 ’
319 1091 365 1135 me
381 1075 522 1153 carpento
536 1071 688 1134 vehentem
704 1077 736 1132 in
752 1057 1013 1140 annumerasse.

234 1212 391 1274 Debebam
408 1219 511 1272 autem
526 1208 684 1287 Odysseae
698 1209 869 1290 fragmenta
884 1230 946 1272 non
961 1209 1002 1272 ad
1016 1209 1193 1270 recentioris
1208 1212 1328 1287 proso-

234 1315 301 1377 diae
317 1314 399 1394 leges
412 1315 542 1393 exigere,
562 1312 618 1374 sed
629 1331 753 1374 servare
765 1322 906 1376 vetustae
920 1313 1178 1394 pronuntiationis
1191 1329 1323 1372 morem.

233 1420 276 1480 lta
292 1417 425 1497 exempli
441 1435 550 1478 caussa
568 1417 675 1496 integri
691 1417 825 1478 Saturuii
841 1426 915 1479 sunt
928 1418 978 1478 hi:

321 1553 403 1636 oprid
416 1549 579 1636 apmffltam
595 1551 726 1618 Atlantis
741 1554 843 1636 filiam
861 1556 1066 1638 Calypsonem.
1180 1545 1193 1568 ⁰

319 1656 492 1721 Mercurius
507 1676 632 1738 comque
648 1677 680 1720 eo
695 1657 783 1737 sitias
796 1661 940 1722 Latonas.

234 1795 362 1858 Videtur
377 1804 479 1857 tamen
495 1797 555 1857 iam
571 1798 637 1878 ipse
653 1797 757 1860 Livius
771 1796 928 1863 vertendis
945 1797 1130 1858 Graecorum
1154 1793 1328 1878 tragoediis

150 1979 153 1988 Ι
233 1909 339 1962 auctor
367 1899 463 1961 fuisse
486 1901 647 1962 severioris
669 1919 817 1964 versuum
847 1901 1080 1980 elaborationiS,
1106 1902 1147 1964 ita
1170 1907 1206 1960 ut
1227 1900 1325 1959 etiam

233 2005 287 2083 qui
302 2002 447 2084 deinceps
463 2004 621 2066 Saturnios
637 2023 746 2068 versus
762 2005 914 2084 iacerent,
934 2023 1111 2066 mensuram
1127 2003 1326 2084 syllabarum

234 2109 399 2170 observare
422 2108 594 2170 accuratius
616 2107 778 2169 discerent.
820 2107 932 2192 quue,
965 2109 1024 2168 nisi
1045 2107 1148 2188 fallor,
1182 2108 1214 2167 iu
1237 2107 1328 2168 Bello

233 2212 345 2272 Punico
366 2211 438 2272 iecit
457 2212 606 2290 NaeviuS,
633 2213 720 2274 cuius
743 2213 886 2273 carminis
909 2231 988 2292 quae
1011 2221 1131 2273 servata
1154 2219 1229 2271 sunt
1251 2209 1329 2270 fra-

232 2325 354 2394 gmenta
377 2317 405 2375 ei
429 2315 472 2376 rei
495 2313 587 2375 iidem
610 2315 744 2395 iaciunt,
772 2315 903 2378 colorem
925 2315 1086 2377 referentia
1110 2334 1199 2394 eum,
1225 2331 1326 2393 quern

232 2417 325 2480 habet
336 2419 533 2498 epigramma,
550 2419 634 2500 quod
649 2439 721 2483 eum
736 2420 855 2482 tumulo
871 2438 927 2482 suo
941 2418 1141 2482 incidendum
1157 2418 1327 2496 reliquisse
1394 2479 1398 2482 .

232 2521 354 2602 scripsit
368 2522 484 2584 Gellius
499 2523 521 2585 1.
542 2521 593 2584 24.

317 2661 457 2724 Mortalis
472 2661 652 2724 immortalis
666 2660 739 2742 llere
754 2663 784 2726 si
795 2660 874 2743 soret
887 2663 947 2745 scs,

316 2763 422 2842 licceat
437 2764 526 2826 dicae
544 2765 692 2828 Carataco
709 2765 855 2829 Naevium
867 2773 996 2846 poetam.
1052 2789 1055 2795 ·

318 2868 419 2947 itaque
431 2877 590 2948 postquam
607 2877 651 2930 cst
667 2869 776 2930 Orotao
792 2869 921 2932 traditas
937 2870 1087 2946 thesauro,

318 2968 404 3030 obliti
416 2976 484 3031 suat
499 2972 608 3032 Romae
624 2970 861 3052 inquietatae
879 2973 992 3053 liapaa.

167 3101 171 3111 ¹
232 3107 407 3167 Postremus
423 3109 644 3188 Romanorum,
664 3109 718 3187 qui
740 3109 797 3170 hoo
819 3117 915 3170 metro
938 3118 1093 3188 uteretur,
1113 3110 1206 3170 Varro
1222 3109 1323 3170 tuisse

232 3209 355 3271 videtur
370 3210 400 3270 in
417 3211 528 3272 satiris.

618 3456 926 3468 -—-—......-.—.....

683 3667 796 3738 cAP.
814 3669 865 3738 X.
930 3657 933 3662 ¹

328 3832 388 3903 De
414 3835 621 3906 versibus
649 3837 893 3914 secundum
919 3836 1215 3931 antipathiam

634 3959 909 4050 compositis.

314 4137 429 4220 5526.
455 4142 574 4214 Quaea
596 4143 729 4204 metricis
752 4137 857 4227 μέτρα
879 4136 952 4206 κατ’
969 4135 1197 4210 saracenae
1209 4130 1315 4229 vperroto}

231 4254 393 4324 vocantur,
420 4244 460 4306 de
476 4245 591 4325 quibus
607 4267 638 4307 v.
658 4266 751 4326 supra
772 4246 789 4329 ᾗ
809 4250 893 4328 iti„
920 4251 1153 4330 compositiones
1172 4262 1246 4316 suut
1260 4252 1315 4313 di-
