2930 4962
471 1229 843 1333 PRAEFATIO.

202 1627 322 1728 Quum
348 1641 545 1725 exemplaria
572 1640 741 1708 deficerent
766 1643 870 1708 editae
895 1651 969 1710 ante
999 1645 1056 1712 hos
1087 1667 1143 1713 ser
1172 1655 1203 1714 et

114 1749 228 1832 uiginti
249 1767 349 1814 annos
369 1749 523 1833 epitomes
544 1747 706 1816 doetrinae
727 1751 892 1832 metricae,
919 1771 1047 1837 operam
1074 1755 1147 1822 dedi
1168 1763 1203 1822 ut

114 1857 320 1939 corrigerem,
344 1875 427 1939 quae
441 1857 493 1922 vel
508 1855 591 1921 falsa
605 1857 656 1921 rel
671 1856 768 1923 dubia
782 1877 853 1924 esse
866 1859 1109 1939 intellexissem,
1134 1883 1202 1928 ser-

114 1965 198 2031 vatis
218 1971 325 2030 tamen
346 1963 486 2029 numeris
506 1964 788 2048 paragraphorum.
821 1967 920 2033 Erant
939 1973 1044 2033 autem
1067 1970 1129 2037 duo
1144 1992 1203 2056 po-

114 2072 272 2138 tissimum
296 2077 415 2150 metra,
446 2091 577 2155 quorum
599 2073 731 2139 alterius
750 2093 914 2140 numerum
935 2095 999 2141 non
1022 2084 1105 2142 reete
1126 2097 1203 2144 eon-

115 2167 304 2260 stitueram,
325 2180 516 2266 dactylieum
538 2179 755 2246 hexametrum
776 2177 935 2264 peloopm
956 2182 1045 2261 dieo,
1074 2185 1202 2252 alterius

114 2295 232 2367 autern,
253 2287 336 2370 quod
351 2295 401 2354 est
415 2287 609 2365 Saturnium,
634 2288 675 2354 de
690 2289 911 2372 antiquissima
924 2290 1073 2373 prosodia
1088 2293 1202 2358 falsam

115 2395 294 2480 opinionem
309 2415 396 2460 eram
411 2401 547 2461 seoutus.
578 2396 746 2461 Praeterea
764 2395 797 2460 in
812 2397 852 2462 iis
867 2397 1064 2481 potissimum
1080 2400 1199 2477 metris,

115 2521 197 2585 quae
217 2503 251 2567 in
272 2502 463 2570 carminibus
483 2503 719 2588 antistrophiois
740 2509 773 2568 et
789 2504 1095 2588 paromoeostrophis
1111 2525 1202 2571 usur-

115 2615 248 2694 pantur,
273 2611 435 2696 exempla,
459 2611 573 2693 quibus
591 2629 667 2676 usus
689 2630 792 2691 eram,
817 2611 882 2676 alia
897 2611 1113 2690 emendanda,
1138 2613 1203 2678 alia

115 2717 300 2797 omittenda,
318 2717 383 2783 alia
397 2737 468 2784 oum
483 2716 657 2802 aptioribus
673 2719 895 2784 eommutanda
909 2725 1011 2784 erant.
1042 2721 1126 2784 Nam
1142 2741 1203 2803 quo

114 2825 250 2894 maiores
272 2843 458 2910 progressus
478 2844 531 2890 ars
551 2825 660 2890 oritioa
674 2827 726 2892 vel
747 2826 890 2894 oodioum
912 2827 1004 2893 novis
1025 2828 1137 2911 opibus
1152 2830 1204 2895 vel

113 2933 281 3017 diligentia
302 2933 478 2998 eritioorum
501 2931 594 3011 laeit,
618 2951 656 2999 eo
672 2935 775 3016 magis
789 2935 1012 3018 intelligimus,
1038 2936 1136 3001 multo
1151 2939 1203 3001 se‘-

113 3041 253 3107 veriores
267 3060 362 3124 quam
377 3040 453 3104 olim
468 3040 637 3123 putabatur
652 3048 774 3110 veteres
791 3050 902 3126 poetas
917 3042 1025 3108 fuisse.
1057 3043 1203 3109 Ceterum

114 3169 155 3216 ex
175 3149 234 3228 ils,
259 3167 340 3231 quae
355 3147 451 3232 priori
467 3147 597 3214 editioni
617 3149 779 3234 praefatus
794 3170 897 3232 eram,
921 3151 1092 3235 repetenda
1112 3150 1200 3228 duxi,

114 3255 245 3322 mutatis
259 3256 430 3335 nonnullis,
448 3275 529 3339 quae
543 3261 727 3338 sequuntur.

200 3362 283 3441 llos,
307 3363 361 3446 qui
383 3363 434 3428 vel
455 3361 517 3446 ipsi
537 3381 578 3427 ax
600 3362 660 3428 hoe
682 3363 762 3429 libro
780 3364 850 3429 sine
865 3365 940 3430 viva
960 3364 1104 3447 magistri
1127 3382 1203 3430 voee

114 3489 304 3553 eognosoere
319 3477 420 3536 metra
434 3471 558 3547 volent,
583 3471 634 3535 vel
654 3469 734 3536 alios
753 3471 836 3535 hane
857 3471 1010 3564 rationem
1025 3471 1138 3537 dooere
1151 3471 1204 3536 in-

114 3577 256 3658 stituent,
279 3577 442 3643 admoneri
458 3577 721 3662 operaepretium
741 3584 801 3658 est,
825 3597 866 3643 ne
881 3597 920 3644 ea
933 3578 1110 3661 negligant,
1135 3579 1204 3644 sine

114 3684 228 3766 quibus
242 3684 364 3750 inutilis
379 3692 411 3750 et
424 3685 516 3768 quasi
532 3703 627 3750 oaeoa
642 3691 749 3750 manet
764 3691 931 3751 metrorum
947 3685 1105 3751 seientia·
1124 3685 1205 3751 Sunt

115 3811 154 3856 ea
168 3797 274 3858 autem
288 3791 350 3856 tria
365 3791 574 3877 potissimum.

199 3898 339 3964 Primum
354 3899 437 3964 enirn
454 3899 569 3964 multos
584 3917 655 3964 esse
669 3899 748 3978 vidi,
772 3900 837 3983 qui,
861 3899 946 3983 quod
960 3919 1010 3979 ea,
1035 3919 1116 3985 quae
1130 3901 1203 3965 uni-

114 4025 206 4072 verse
226 4003 268 4070 de
286 4011 400 4072 natura
421 4006 543 4072 numeri
565 4006 742 4091 disputavi,
770 4026 833 4072 non
861 4007 939 4072 satis
960 4007 1201 4085 intellexissent,

115 4133 154 4178 ne
170 4113 364 4196 singulorum
386 4113 514 4197 quidem
534 4133 733 4181 numerorum
754 4115 907 4181 rationem
923 4116 1072 4198 legesque
1092 4121 1204 4199 potue-

115 4220 177 4283 rint
192 4221 381 4306 perspioere.
405 4220 646 4287 Oblraeresount
659 4222 706 4286 illi
722 4222 787 4286 fere
801 4223 833 4287 in
849 4241 899 4301 eo,
913 4221 997 4305 quod
1012 4221 1204 4306 temporibus
