2930 4962
571 361 608 402 ns
623 359 778 405 croscum.
1178 343 1219 406 23

131 514 216 585 Quin
235 513 327 576 etiam
349 513 471 574 vocales
492 512 598 606 longas
620 515 805 594 corripiunt,
832 513 885 576 ubi
900 515 1007 578 ultima
1023 515 1163 594 eliditur,
1188 526 1224 580 nt
1341 527 1344 532 ’
1444 519 1448 542 ¹

132 616 258 680 concam
273 617 344 694 too,
363 616 464 678 se'ccde
479 616 548 678 huc.

219 821 243 902 ἓ
259 818 314 886 80.
346 823 487 888 Hiatus
508 823 542 884 fit
556 841 632 900 voce
651 823 683 882 in
698 823 836 883 vocalem
852 822 1013 886 desinente
1029 833 1100 886 ante
1117 844 1222 888 vocem

131 927 332 1007 incipientem
347 945 365 987 a
380 925 488 986 vocali.
521 926 601 987 Eum
622 927 680 987 etsi
702 926 735 986 in
750 927 931 988 universum
948 927 1045 990 vitare
1060 929 1158 1008 poetis
1173 929 1224 992 lex

131 1038 193 1106 est,
220 1039 325 1090 tamen
341 1029 432 1090 certis
447 1027 673 1092 conditionibus
695 1028 875 1093 admittitur.
908 1027 1002 1111 Apud
1016 1040 1135 1094 veteres
1151 1034 1223 1112 epi·
1250 1010 1255 1020 ⁵

132 1153 184 1195 cos
200 1134 387 1194 Graecorum
405 1131 493 1193 multi
509 1130 654 1194 videntur
668 1133 779 1214 magis,
797 1151 892 1212 quam
909 1144 984 1197 sunt
996 1135 1118 1213 hiatuS,
1139 1154 1222 1215 quo-

131 1238 215 1298 niam
238 1235 283 1295 illi
304 1233 459 1314 digamma
475 1235 684 1316 usurpabant,
712 1235 796 1316 quod
813 1237 846 1298 in
869 1237 1032 1300 scribendo
1054 1237 1144 1300 adiici
1160 1257 1221 1300 non

130 1341 218 1402 solet.
246 1338 354 1400 Simile
369 1337 453 1420 apud
468 1339 590 1401 Latinos
604 1347 662 1417 εει,
681 1338 765 1419 quod
782 1341 850 1402 Car.
867 1342 992 1422 Lingins
1008 1343 1039 1408 tn
1055 1342 1223 1414 Quaestio-

133 1462 206 1506 num
215 1442 428 1504 Plautinarum
440 1441 519 1504 libro
529 1443 639 1523 primo,
651 1444 716 1504 sive
728 1441 767 1504 de
775 1443 861 1505 hiatu
870 1445 901 1505 in
911 1445 1053 1507 versibus
1062 1445 1219 1524 Plautinis,

136 1545 326 1623 observavit,
352 1547 407 1626 qui
427 1545 551 1608 libellus
573 1544 675 1608 editus
690 1554 738 1608 est
752 1547 950 1610 Vratislaviae
972 1569 1000 1610 a.
1020 1567 1218 1612 crornoccxvn.
1298 1539 1315 1570 ”

134 1669 223 1732 saepe
257 1647 344 1730 apud
368 1649 510 1714 Plautum
533 1649 671 1712 vocalem
698 1659 770 1712 ante
793 1669 905 1712 nomen
935 1651 1019 1713 domo
1049 1671 1110 1714 non
1136 1652 1218 1731 elidi,

132 1754 284 1833 quiahoc
304 1771 417 1813 nomen
436 1752 604 1833 pleniorem
627 1751 867 1832 adspirationem
893 1755 1040 1817 habuisse
1067 1755 1218 1833 videatur,

132 1859 274 1936 inquam
298 1875 364 1916 rem
384 1862 456 1934 apte
472 1857 722 1917 commemoravit
740 1855 894 1938 hodieque
916 1867 1070 1920 servatam
1084 1859 1126 1924 ab
1142 1860 1223 1921 ltalis

135 1961 214 2022 hanc
226 1959 521 2042 pronuntiationem,
540 1977 626 2021 aomo
643 1957 827 2022 dicentibus.

219 2162 313 2246 581.
347 2162 392 2227 Ac
412 2166 565 2246 legitimus
586 2173 682 2230 estet
701 2168 895 2248 pecessarius
918 2167 1020 2230 hiatus
1041 2170 1071 2232 in
1093 2168 1222 2238 vocibus

135 2269 347 2332 exclamationi
370 2269 612 2333 inservientibus
634 2268 885 2351 quibuscumque
911 2281 943 2336 ct
968 2290 1164 2352 quocumque
1190 2274 1221 2333 in

133 2392 244 2455 genere
260 2374 368 2453 metri,
392 2382 429 2435 ut
442 2371 528 2453 apud
542 2373 722 2454 Sophoclem
738 2375 770 2434 in
792 2375 916 2437 Philoct.
938 2377 1009 2438 832,
1030 2377 1062 2435 in
1078 2373 1124 2437 hi.
1147 2379 1217 2436 tal.
1301 2449 1304 2456 ι

133 2479 163 2538 in
178 2475 297 2539 Acrisio
312 2496 362 2558 ap.
383 2476 468 2538 Stcb.
488 2477 586 2538 Serm.
607 2478 679 2538 Vlll.
701 2479 730 2538 2,

216 2570 276 2642 ἴθι
290 2569 348 2642 ἰ’θι
362 2599 422 2660 μοι
438 2572 558 2641 παιών.

218 2673 294 2744 ἀλλ’
310 2670 374 2744 ὄῖνα
390 2677 427 2759 ἐξ
440 2673 596 2764 ἑδράνων.

216 2785 286 2870 βοᾷ
301 2803 364 2863 τις,
381 2771 408 2846 ὦ
423 2775 566 2863 ἀκούετ’,
582 2773 604 2869 ἢ
617 2773 724 2869 μάτην
738 2777 809 2846 birri
816 2807 825 2858 3

131 2889 252 2952 Deinde
271 2891 304 2950 in
326 2889 363 2951 iis
387 2888 528 2969 vocibus,
555 2907 636 2969 quae
658 2889 816 2951 elisionem
839 2907 900 2950 non
923 2887 1105 2966 admittunt,
1133 2882 1223 2949 utri

132 2985 242 3071 ἔστιν,
258 2984 298 3054 εἰ
320 2977 397 3070 oria,-
418 2986 497 3074 περὶ
521 2985 611 3071 ἐμοῦ·
634 3013 651 3054 a
673 2993 790 3072 quibus
814 3001 916 3054 tamen
939 2993 1044 3072 tragici
1067 2991 1222 3053 abstinere

132 3096 289 3159 videntur.
321 3097 366 3158 Eo
380 3094 514 3174 pertinet
527 3095 640 3176 hiatus,
664 3097 718 3176 qui
733 3097 767 3158 lit
782 3114 838 3174 per
852 3095 1000 3176 genitivos
1015 3096 1046 3156 in
1063 3115 1104 3157 uo
1121 3105 1151 3156 et
1166 3113 1221 3156 oto

133 3203 323 3278 terminatos,
343 3217 476 3279 quorum
492 3199 631 3262 dumam
647 3218 709 3262 non
723 3199 795 3262 licet
809 3198 892 3262 elidi.
920 3200 954 3260 V.
971 3197 1047 3261 diss.
1067 3197 1106 3260 de
1122 3207 1222 3260 aetate

134 3305 250 3384 Orphei
269 3301 478 3384 Argonautp
481 3301 579 3363 7,27.
599 3321 686 3382 seqq.

219 3505 313 3591 §82
347 3511 379 3570 ln
401 3508 559 3592 dactylicis
583 3509 719 3570 numeris
738 3508 823 3588 apud
845 3508 975 3570 Graecos
997 3508 1151 3588 legitimus
1174 3517 1221 3570 est

134 3615 251 3693 hiatus,
279 3615 332 3695 qui
349 3615 534 3692 incorrepta
551 3613 639 3694 longa
654 3611 752 3675 vocali
775 3612 825 3672 vel
840 3609 1028 3694 diphthongo
1043 3619 1114 3674 ante
1129 3612 1220 3722 aliam
1277 3619 1293 3634 “

137 3718 297 3780 vocalem
289 3737 320 3778 1n
337 3717 426 3795 thesi,
450 3725 486 3777 ut

222 3809 326 3903 ἄνδρα
340 3839 399 3899 μοι
416 3812 540 3897 ἔννεπε,
556 3819 696 3897 Μοῦσα,
713 3811 938 3900 πολυτροπον,
956 3808 994 3892 ὃς
1007 3810 1099 3899 μάλα
1114 3811 1222 3880 πολλὰ

221 3916 423 4007 minimest
407 3916 481 3984 επεὶ
500 3913 649 4007 Tpot'qg‘
638 3916 726 4006 ιερὸν
740 3913 985 4007 πτολίεθρεν”
963 3940 1109 4006 amacura.

141 4025 226 4098 Quod
242 4028 276 4088 ht
290 4029 382 4088 etiam
398 4029 457 4088 int
445 4027 524 4088 thesi
539 4027 654 4088 soluti
647 4046 677 4088 m
694 4027 882 4089 tribrachum
898 4026 1039 4103 trochaei,
1059 4023 1115 4086 sed
1131 4041 1216 4086 raro:

143 4130 217 4188 utin
233 4130 339 4209 Eurip
359 4131 455 4210 lphig.
476 4133 566 4192 Taur.
587 4131 660 4192 797.

222 4227 324 4318 φόνος
340 4217 398 4295 iai
414 4221 559 4317 φόνῳ,”
535 4223 662 4312 αχεᾶτ’
679 4223 800 4311 ἄχεσιν,
