2896 4960
227 311 289 374 166
317 322 320 325 ’
637 329 694 370 cm.
715 330 758 372 ιιι.
785 292 847 371 cnr.
867 330 900 372 rr.

225 485 324 544 Prima
346 484 429 544 enim
451 498 550 564 eaque
574 485 707 546 maxime
731 483 862 566 simplex
889 491 921 544 et
941 483 1064 574 elegans
1086 483 1305 563 Glyconeorum

216 579 322 648 'lorma
337 587 413 649 haeo
427 597 491 651 est:

322 725 342 778 ,ζ
379 723 399 777 ,ζ
422 721 584 810 'Lam-u.

224 846 314 920 Quod
337 866 434 927 genus
452 868 597 911 versuum
620 848 804 928 plerumque
828 855 996 927 systemata
1011 846 1100 926 lacit,
1123 867 1203 927 quae
1219 866 1308 908 versu

225 949 416 1032 catalectico,
436 955 489 1034 qui
504 953 695 1013 Pherecra
705 960 793 1012 teus
809 949 938 1029 dicitur,
958 951 1039 1012 finiri
1054 951 1171 1014 solent:

322 1091 341 1144 ,ζ
380 1091 399 1146 J,
427 1085 566 1175 μων-ὖ

139 1161 140 1176 l
225 1213 330 1294 Eurip.
350 1209 498 1276 Androm.
521 1215 592 1277 502.

311 1342 364 1412 ἅδ’
389 1345 451 1437 ἐγὼ
472 1345 571 1436 χέρας
592 1344 731 1443 atracty-

309 1449 371 1538 ρὰς
390 1448 542 1538 βρόχοισι
563 1448 754 1535 κεκλειμὲνα

310 1552 492 1639 πέμπομαι
513 1554 599 1622 κατὰ
619 1550 726 1642 γαίας.

309 1815 421 1900 5460.
448 1820 507 1893 Qui
519 1819 824 1901 polyschematistum
833 1821 892 1880 hoc
903 1829 1035 1882 metrum
1047 1819 1197 1900 lecerunt,
1212 1821 1308 1901 primo

224 1921 431 2003 logaoedioum
443 1922 582 1986 ordinem
594 1925 627 1984 in
637 1924 851 1986 choriambum
867 1931 898 1986 et
909 1921 1047 1986 iambum
1064 1932 1233 2003 mutarunt,
1249 1943 1308 2006 quo

224 2026 393 2108 penultima
409 2027 526 2108 syllaba
542 2047 656 2108 anceps
672 2027 752 2089 lacta
766 2034 829 2089 est:
1224 2021 1228 2027 ’

320 2147 396 2201 ,τηε
425 2141 617 2232 ymo-po:
707 2205 709 2211 A

223 2270 329 2349 Eurip.
349 2270 468 2350 hippol.
486 2270 558 2331 tlt.

308 2384 369 2464 τὰς
390 2380 632 2476 ἦλεκτροφαεῖς
652 2382 764 2473 αὐγάς.

224 2531 304 2590 Haec
324 2547 438 2610 anceps
460 2530 601 2609 propria,
633 2530 692 2591 nisi
714 2529 819 2618 fallor,
854 2531 1044 2592 scenicorum
1066 2538 1227 2608 poetarum
1247 2540 1301 2590 est.

223 2635 262 2694 Et
285 2649 381 2713 quum
403 2633 480 2695 haec
501 2632 614 2714 forma,
639 2636 696 2709 etsi
711 2633 803 2696 valde
822 2633 949 2696 diversa
972 2632 1183 2695 adochmiaco
1199 2643 1302 2712 metm,

223 2745 344 2815 tamen,
369 2736 437 2798 basi
458 2745 603 2817 excepta,
629 2737 739 2799 iisdem
761 2737 888 2817 syllabis
912 2745 1047 2817 constet,
1074 2738 1189 2816 quibus
1209 2737 1306 2799 doeh·
1421 2785 1422 2788 η

224 2841 328 2918 miaci,
360 2839 415 2901 ubi
440 2841 472 2900 in
498 2841 534 2901 iis
561 2841 650 2920 longa
677 2849 725 2902 est
749 2843 847 2921 prima
874 2841 1047 2919 anacrusis,
1079 2841 1178 2902 soluta
1205 2850 1305 2903 autem

222 2961 321 3022 pnma
337 2961 431 3004 arsis:

308 3044 496 3166 oossoyssyvr

223 3200 386 3280 rhythmici
415 3201 478 3264 duo
500 3221 609 3284 genera
640 3202 886 3265 dochmiacorum
908 3204 1149 3284 constituerunt,
1176 3224 1306 3286 qnorum
1421 3276 1422 3296 χ

223 3305 339 3366 metrici
355 3306 485 3368 alterum
506 3306 614 3368 eodem
629 3309 769 3387 nomine,
795 3307 925 3372 alterum
941 3307 1130 3388 Glyconeum
1146 3319 1301 3371 vocarunt.

223 3409 291 3470 Vid.
304 3408 429 3474 hristid.
448 3412 627 3497 Quintilfp.
644 3414 694 3474 39.

308 3665 566 3753 §tithymdine
589 3671 760 3752 logaoedieo
776 3675 806 3733 in
823 3673 1036 3734 choriambum
1048 3681 1080 3732 et
1098 3672 1237 3734 iambum
1254 3672 1304 3735 di—

223 3773 287 3834 viso
306 3772 415 3834 variari
430 3793 596 3835 numerum
611 3777 728 3855 placuit
743 3796 798 3858 per
813 3778 1098 3858 transpositionem,
1118 3778 1160 3838 ita
1175 3787 1210 3838 ut
1225 3777 1304 3838 iam-

116 3919 124 3928 ,
173 3943 181 3962 ⁶
222 3873 282 3936 hus
298 3875 355 3936 iste
371 3884 441 3938 ante
464 3876 674 3940 choriambum
697 3879 858 3942 collocatus
871 3883 906 3942 in
929 3881 1106 3944 trochaeum
1122 3889 1299 3959 mutaretur,

222 3981 293 4057 quia
310 3978 399 4040 basin
415 3981 492 4041 arsis
508 3981 597 4061 sequi
613 3979 723 4044 debet:

319 4105 338 4155 J,
376 4103 396 4156 J,
425 4098 491 4188 Ιέῦ
505 4100 509 4188 Ι
522 4103 619 4149 έυυ..

307 4218 364 4285 καὶ
385 4215 584 4310 πεντήκονθ’
605 4216 781 4312 οὑψιβίας.
