2922 4948
532 335 567 375 nu
584 333 706 378 umerus
722 333 894 375 coroneris.
1199 317 1257 378 t99

171 494 227 548 aut
249 485 390 548 membro
412 487 470 548 alio
493 505 532 548 ex
554 487 682 568 epitritis
705 486 795 550 laeto.
821 488 937 560 'Quare
963 487 1177 550 emendatione
1204 491 1258 548 in-
1351 527 1356 537 -

172 589 278 670 digere
309 590 430 653 videtur
460 590 615 653 seouudae
644 590 788 670 strophae
818 591 937 672 primus
968 611 1078 654 versus
1108 593 1140 652 in
1169 591 1254 653 Pind.

172 695 280 756 lsthm.
301 695 348 755 lll.

260 805 331 878 ἔστι
351 834 413 897 μοι
434 815 526 878 θεῶν
549 807 642 878 ἕκατι
662 806 766 900 μυρία
790 813 907 882 naevo
927 787 1097 890 κέλευθος.

258 1017 377 1104 5540.
403 1024 587 1104 Plerumque
604 1023 681 1104 duo,
704 1023 761 1086 sed
776 1041 868 1103 saepe
883 1025 975 1085 etiam
991 1031 1053 1087 tres
1068 1023 1181 1105 epitriti
1197 1045 1259 1086 uno
1323 1037 1326 1044 ’

171 1127 312 1188 membro
328 1126 650 1210 comprehenduntur,
668 1129 751 1191 utin
766 1126 853 1189 Pind.
873 1128 921 1190 Ol.
941 1129 989 1193 lll.

258 1238 381 1332 Δωρίῳ
406 1242 524 1336 φωνὰν
546 1241 727 1332 ἐναρμόξαι
748 1238 889 1333 πεδίλῳ.

259 1452 375 1537 9541.
403 1456 528 1536 Syllaba
551 1476 666 1538 auceps
682 1457 828 1537 quoniam
851 1458 882 1518 in
900 1454 1009 1518 mediis
1025 1455 1173 1519 membris
1189 1459 1260 1536 epi-

171 1561 314 1622 tritorum
326 1559 446 1623 admitti
457 1580 519 1623 nou
530 1567 641 1642 potest,
657 1559 839 1641 videndum,
859 1559 959 1623 sioubi
973 1562 1140 1640 invenitur,
1157 1579 1195 1622 ne
1207 1568 1261 1621 aut

171 1665 325 1744 scriptura
341 1666 444 1727 vitiata
460 1665 517 1744 sit,
542 1673 596 1727 aut
617 1665 757 1727 membra
779 1684 843 1727 non
866 1673 948 1727 reete
964 1665 1128 1746 descripta.
1163 1666 1213 1726 Sio
1228 1665 1259 1724 iu

170 1769 278 1830 lsthm.
295 1767 342 1830 IV.
358 1768 444 1848 quod
458 1769 551 1849 vulgo
566 1769 710 1848 quintum
726 1784 850 1831 carmen
865 1779 1058 1848 numeratur,
1078 1768 1118 1830 de
1129 1785 1191 1848 quo
1207 1768 1260 1828 in-

170 1873 217 1934 fra
234 1871 370 1934 dicetur:

260 1993 366 2075 μᾶτερ
384 1983 511 2069 Ἁλίου,
536 1985 735 2073 πολυώνυμε
760 1983 856 2070 Θεία,

259 2089 317 2158 οέο
339 2088 434 2158 ἕκατι
455 2090 514 2158 καλ
534 2096 725 2182 μεγασθενῆ
746 2087 894 2175 νόμισαν.

170 2219 215 2278 De
237 2217 296 2280 hae
316 2233 349 2279 re
368 2217 514 2298 pluribus
537 2215 654 2280 dietum
674 2217 706 2279 in
729 2216 804 2278 diss.
831 2215 870 2280 de
894 2231 991 2278 mens.
1018 2215 1152 2296 rhythm.
1178 2225 1209 2276 et
1228 2217 1260 2277 in

170 2321 268 2403 Elem.
289 2317 320 2382 d.
339 2341 381 2382 m.
399 2323 517 2405 phili).
537 2340 602 2401 seq.

258 2526 282 2608 ξ
298 2523 376 2592 542.
402 2529 493 2591 Fiunt
503 2529 535 2590 hi
547 2529 668 2591 numeri
680 2527 771 2589 etiam
785 2546 857 2589 cum
869 2528 1012 2590 anaorusi
1024 2525 1165 2605 iambica,
1181 2544 1260 2606 quae
1330 2601 1333 2607 Ι

170 2634 357 2714 plerumque
372 2633 494 2712 longam
510 2632 661 2714 syllabam
677 2631 780 2710 habet,
800 2639 835 2692 ut
851 2633 999 2712 aptiorem
1015 2640 1079 2692 tam
1095 2632 1180 2711 gravi
1197 2649 1261 2691 nu-

173 2755 268 2798 mero.
303 2734 389 2798 Pind.
410 2737 457 2798 Ol.
473 2737 520 2798 111.

258 2847 497 2941 Αἰνησιδάμου
520 2849 622 2919 παιδὶ
644 2850 806 2935 συμμῖξαι
828 2847 1034 2941 πρεπόντως.

177 3063 185 3074 ”
259 3060 372 3144 9543.
393 3064 616 3125 Gousooiantur
623 3063 655 3124 hi
667 3064 780 3142 epitriti
792 3063 856 3125 iere
865 3084 936 3125 oum
945 3063 1103 3144 dactylicis
1111 3065 1258 3143 numeris²

171 3178 278 3248 aptam
287 3167 497 3229 membrorum
506 3165 728 3246 longitudinem
737 3167 932 3246 habentibus,
944 3177 975 3229 et
986 3169 1083 3230 autin
1095 3165 1258 3247 syllabam,

173 3280 229 3335 aut
244 3273 277 3332 in
292 3270 482 3352 disyllabum
504 3269 697 3330 catalectiois.
731 3269 828 3330 Huius
850 3271 970 3350 generis
985 3269 1136 3349 quosdam
1154 3288 1261 3330 versus

172 3375 359 3454 Hephaestio
382 3373 461 3434 male
483 3373 515 3433 in
535 3372 719 3454 asynartetis
740 3373 853 3452 posuit.
888 3373 924 3434 Hi
944 3379 1018 3433 sunt
1039 3373 1138 3453 primo
1152 3389 1262 3433 versus

173 3498 220 3540 en
231 3478 370 3539 comiol
380 3478 528 3557 ogieus,
554 3493 647 3555 quem
663 3475 715 3535 ille
730 3493 770 3534 ex
785 3476 923 3556 quinque
939 3473 1097 3556 dactylicis
1112 3473 1261 3536 totidem-

173 3601 235 3661 que
251 3581 390 3642 iambicis
402 3576 614 3660 semipedibus
630 3578 831 3656 compositum
843 3586 949 3659 putat:

259 3698 431 3747 Lw..w..
445 3695 449 3782 Ι
463 3696 585 3744 νίν-υ

172 3805 230 3867 sed
256 3814 304 3867 est
329 3805 378 3866 hic
403 3819 513 3864 versus
538 3802 581 3863 ita
606 3803 709 3881 potius
737 3802 926 3883 metiendum
957 3813 992 3866 ut
1018 3823 1067 3884 ap.
1096 3802 1181 3865 Pind.
1209 3803 1257 3865 01.

174 3912 223 3971 lll.
244 3911 296 3971 25.

261 4020 458 4074 Lw-w.0
472 4023 475 4108 ρ
489 4022 586 4070 Lo:-

253 4120 386 4216 ’Ίσιρου
411 4118 481 4191 ἀπὸ
506 4127 647 4212 σκιαρᾶν
668 4128 781 4210 παγᾶν
803 4121 933 4192 ἔνεικεν.
1015 4160 1016 4164 =
