2930 4962
262 339 304 400 22
689 357 744 400 tre.
766 358 786 399 1.
805 358 867 400 oar.
887 360 915 402 n

261 520 293 572 et
306 505 392 592 apud
406 506 578 571 Pindarum
588 511 675 570 Nem.
695 511 755 572 Vll.
776 513 827 572 89.

347 603 454 690 ξεῖνός
469 603 543 691 εἶμι
557 605 725 676 σκοτεινὸν
740 602 874 692 ἀπέχων
889 603 1007 698 ψόγον.

261 717 310 778 vel
333 716 452 779 dialecti
473 715 609 796 quadam
632 718 833 798 proprietate,
860 719 947 780 utin
970 714 1120 780 vocabulo
1144 711 1241 791 οόλὸς
1262 717 1345 798 apud

262 820 439 897 Dorienses3
464 819 598 900 denique
613 821 736 882 omnino
751 829 823 882 ante
838 818 993 900 duplicem
1010 829 1228 884 consonantem
1243 822 1345 884 minus
1444 813 1445 864 l

225 987 235 1012 ,
262 923 416 986 laventem
441 922 642 1004 correptioni,
672 932 707 986 ut
727 931 800 986 ante
821 919 880 1003 βλ,
906 919 961 1006 γλ,
987 944 1041 1003 pv.
1075 925 1244 1006 Sophocles
1267 924 1343 990 oea.

265 1029 300 1088 H.
321 1025 392 1088 7⁴7.

349 1121 475 1202 παιδὸς
488 1122 528 1192 δὲ
541 1121 698 1209 βλάστας.

262 1231 435 1312 Aeschylus
450 1234 482 1296 in
496 1233 596 1294 Persis
614 1235 684 1294 593.
705 1241 736 1294 et
750 1233 782 1294 in
797 1230 904 1312 rigam.
925 1236 997 1296 999.

349 1326 409 1398 οὐκ
424 1328 475 1400 ἔοι
489 1330 623 1418 γλῶσσα
639 1327 798 1421 φίλοισιν.

348 1432 406 1501 τὸν
421 1429 451 1500 d'
467 1427 544 1502 daeo
560 1427 662 1522 λα’ρας
677 1431 768 1518 ὅμως
781 1430 938 1522 ὑμνῳδεῖ.

263 1545 313 1605 Sic
335 1533 470 1626 ὑμνήσω
495 1543 587 1606 etiam
614 1541 700 1624 apud
726 1542 906 1623 Euripidem
934 1543 1043 1604 Bacch.
1071 1544 1120 1603 7⁴.
1153 1554 1184 1606 et
1208 1533 1349 1624 εἷῖομνος

263 1645 364 1708 media
379 1653 517 1726 correpta
531 1644 617 1727 apud
632 1645 850 1726 Epicharmum
867 1646 1098 1727 Hephaestionis
1113 1667 1144 1727 p.
1164 1651 1212 1710 lh.
1248 1631 1349 1710 Rhin-

264 1751 316 1810 tho
339 1768 408 1810 vero
431 1751 457 1810 si
480 1749 555 1829 quid
578 1749 745 1812 insolenter
763 1749 882 1828 posuit,
912 1751 1012 1811 sciens
1032 1751 1084 1812 ille
1105 1770 1217 1832 pravos
1239 1769 1348 1816 versus

264 1852 359 1932 dedit,
379 1863 415 1914 ut

346 1947 578 2029 Ἱππώνακτος
591 1949 630 2018 τὸ
645 1949 780 2040 μέτρον·
797 1945 894 2018 otte
908 1975 969 2036 μοι
983 1951 1086 2036 μέλει.

263 2062 362 2133 Quem
378 2079 514 2138 versum,
534 2062 661 2122 citatum
677 2061 717 2122 ab
733 2059 954 2139 Hephaestione
969 2080 1000 2140 p.
1019 2062 1035 2120 l
1053 2060 1077 2143 (l
1087 2059 1114 2142 0]
1131 2061 1348 2126 Valckenarius

264 2163 304 2225 ad
328 2164 483 2226 Phoeniss.
514 2165 605 2226 laos.
637 2184 675 2226 ex
702 2163 872 2228 Herodiano
897 2164 958 2226 MS.
984 2164 1114 2244 profert,
1145 2180 1206 2228 non
1233 2183 1349 2228 memor

264 2266 382 2330 editum
403 2286 473 2328 esee
495 2267 590 2330 istum
611 2267 775 2330 Herodiani
796 2266 936 2330 libellum
956 2268 989 2329 in
1005 2269 1105 2329 Hortis
1118 2265 1220 2330 Adon.
1240 2269 1296 2334 ubi
1317 2289 1345 2329 v.

265 2371 316 2432 fol.
338 2371 409 2434 let.
428 2369 460 2431 b.

349 2575 374 2656 ξ
388 2572 442 2640 78.
475 2578 576 2656 Longa
597 2577 709 2639 vocalis
732 2577 782 2638 vel
803 2575 1012 2658 diphthongus
1034 2579 1119 2658 apud
1134 2579 1265 2640 Graecos
1281 2587 1349 2639 ante

266 2682 401 2745 vocalem
418 2681 595 2760 corripitur,
622 2680 716 2762 idque
731 2700 791 2743 non
808 2681 907 2745 solum
923 2683 956 2744 in
971 2682 1032 2744 line
1048 2683 1206 2762 vocabuli,
1234 2683 1274 2744 de
1289 2700 1348 2762 qna

266 2805 298 2848 re
314 2806 404 2866 mox,
429 2785 484 2846 nbi
499 2783 538 2844 dc
554 2784 657 2863 hiatu,
676 2784 832 2865 dicemus,
849 2784 905 2846 sed
922 2786 1012 2846 etiam
1029 2787 1061 2846 in
1077 2785 1182 2847 eadem
1201 2805 1292 2866 voce,
1317 2791 1350 2845 nt

265 2891 296 2950 in
321 2885 628 2964 coaeternaliter,
651 2880 799 2972 γεραιός,
829 2879 993 2966 δείλαιος,
1016 2888 1184 2972 πατρῷος.
1212 2890 1348 2960 ,Βοοίοοο

266 2999 339 3055 sunt
348 2981 531 3076 Ἀθήναιος
552 2989 636 3071 apud
650 2991 859 3053 Pherecratem
881 2991 1005 3053 citatum
1021 2993 1180 3057 Eustathio
1200 3012 1233 3074 p.
1255 2993 1345 3068 llhli,

268 3098 318 3157 52.
337 3104 369 3156 et
390 3085 619 3180 φιλαθήναιος
639 3094 722 3173 apud
744 3092 898 3176 Aristoph.
918 3096 1009 3176 Vesp.
1030 3096 1102 3156 982.
1139 3097 1246 3175 Neque
1268 3096 1348 3159 enirn

267 3201 297 3260 in
320 3216 517 3279 quacumque
537 3216 611 3258 voce
633 3198 691 3259 hac
711 3198 831 3260 licentia
855 3207 995 3263 utuntur.
1029 3201 1097 3272 Quo
1118 3199 1251 3282 pertinet
1273 3187 1349 3278 θείη

268 3303 449 3364 Rhinthonis
464 3300 550 3380 apud
566 3301 729 3382 Hephaest.
750 3319 780 3382 p.
804 3303 819 3360 l
843 3300 917 3386 (tt),

352 3508 376 3588 ἦ
396 3503 450 3572 79.
487 3504 580 3588 Apud
602 3510 723 3569 Latinos
745 3508 861 3589 duplex
882 3499 1018 3570 recitatio
1044 3512 1075 3570 in
1102 3529 1164 3571 usu
1187 3507 1260 3588 init,
1290 3523 1348 3568 una

267 3621 425 3674 accentum
449 3612 581 3672 maxime
602 3610 822 3682 vocabulorum
846 3622 877 3674 et
893 3612 1050 3691 vulgarem
1072 3613 1348 3692 pronuntiationem

267 3734 416 3795 sequens,
443 3733 503 3796 qua
525 3706 644 3776 scenici
661 3725 779 3777 veteres
802 3718 850 3778 nsi
872 3726 959 3794 sunt,
989 3717 1083 3777 altera
1104 3715 1143 3776 ad
1166 3717 1348 3776 Graecorum

267 3819 443 3900 exernplnm
461 3817 657 3896 conformata,
675 3837 755 3898 quae
770 3819 810 3880 ab
825 3819 923 3880 Ennio
939 3821 1073 3898 primum
1089 3820 1120 3878 in
1138 3819 1256 3899 epicam
1271 3833 1347 3895 poe·

267 3923 325 4000 sin,
351 3920 481 4003 Augusti
497 3940 573 3983 aevo
588 3923 620 3982 in
636 3923 736 3984 omnia
752 3923 816 3984 fere
831 3941 941 4004 genera
957 3941 1085 4005 poeseos
1100 3921 1274 4006 introducta
1289 3926 1343 3979 est.

266 4027 392 4087 Scenica
409 4022 458 4088 illa
474 4027 608 4086 recitatio
624 4023 764 4088 abundat
778 4025 1039 4108 correptionibuS,
1065 4045 1167 4106 neque
1189 4032 1276 4088 curat
1289 4037 1347 4102 po*

269 4131 418 4209 sitientem,
444 4129 528 4191 unde
544 4129 604 4208 ille,
626 4137 725 4212 ctqne,
745 4131 880 4212 Philippi,
902 4111 1073 4206 iuventutis,
1099 4139 1131 4191 et
1145 4130 1202 4191 alia
1219 4127 1347 4210 plurima

267 4235 414 4315 correptis
430 4231 672 4313 anteduplicern
688 4243 908 4296 consonantem
923 4233 1341 4312 vocalibuspronuntiantur·
