2930 4962
349 388 386 430 nr
401 385 527 452 muricis
543 383 741 428 rrrmnrrnrs
756 381 956 426 amolireris.
1155 359 1195 420 59

526 568 640 639 cAP.
654 567 781 638 ΠΗ.

199 725 262 795 De
289 722 493 794 iambicis
521 719 796 791 tetrametris
824 719 1101 807 acatalectis.

191 890 320 976 5179.
368 894 620 952 Tetrameter
656 888 928 968 acatalectuS,
968 887 1008 950 ab
1037 889 1195 948 inventore

101 999 215 1058 Boisco
231 995 333 1059 dictus
349 995 502 1075 boisoius,
529 994 714 1056 Graecorum
730 991 852 1072 tragicis
871 992 1057 1074 comicisque
1072 1009 1134 1051 non
1149 997 1197 1051 est

100 1100 254 1163 usitatus.
281 1099 329 1160 Ex
345 1095 454 1161 Alcaeo
470 1097 648 1177 exemplum
663 1095 752 1157 affert
766 1095 967 1179 Hephaestio:

192 1205 292 1288 δέξαι
304 1229 347 1291 με
362 1203 567 1290 κωμάζοντα,
584 1202 689 1286 δέξαι,
705 1198 868 1288 λίσσομαί
882 1224 930 1287 σε,
949 1196 1118 1285 λίσσομαι.
1153 1195 1155 1200 ’

169 1389 217 1498 ¹§
243 1413 320 1482 180.
357 1420 565 1478 Romanorum
587 1433 661 1478 vero
689 1423 721 1477 et
743 1416 850 1477 comici
879 1422 926 1502 et,
956 1412 1134 1494 dequibus
1162 1410 1195 1474 id

109 1521 241 1602 negabat
257 1520 413 1582 Bentleius
435 1519 476 1582 ad
491 1521 553 1584 Cic.
572 1520 608 1594 Q.
629 1520 759 1581 Tusci.
781 1519 831 1582 ll.
856 1519 891 1580 ll.
913 1521 962 1581 lb.
989 1518 1093 1600 tragici
1108 1515 1195 1579 mul-

112 1633 171 1686 tum
188 1625 240 1687 usi
256 1631 331 1687 sunt
345 1625 402 1685 boc
417 1631 524 1685 metro.
550 1623 586 1685 V.
605 1623 701 1686 Elem.
722 1621 753 1685 d.
773 1642 813 1685 m.
833 1640 863 1702 p.
882 1624 953 1684 ⁴58.
973 1640 1038 1704 seq.
1065 1624 1196 1684 Vocatur

110 1737 211 1792 antem
228 1725 345 1790 Latinis
368 1725 612 1789 octonarius.

194 1933 217 2016 5
240 1930 317 1998 181.
355 1933 522 1996 (laesuram
545 1929 639 1996 habet
660 1933 710 1994 bic
732 1950 842 1995 versus
865 1932 1030 2013 duplicem.
1069 1931 1194 1996 Plautus

117 2035 178 2098 lere
198 2038 229 2098 in
246 2046 357 2120 quarta
379 2039 441 2099 arsi
462 2033 588 2116 incidit,
615 2055 713 2117 eaque
735 2055 843 2100 caussa
867 2045 999 2099 metrum
1020 2037 1078 2098 boc
1098 2035 1195 2098 voluit

119 2149 322 2218 asynartetum
337 2159 415 2220 esse,
434 2140 522 2202 hiatu
536 2147 568 2202 et
581 2137 671 2204 brevi
686 2139 804 2220 syllaba
821 2137 985 2204 indicante.
1012 2140 1052 2203 Vt
1066 2141 1097 2201 in
1113 2136 1194 2202 Am-

112 2243 199 2322 pbitr.
218 2245 266 2304 lll.
289 2245 319 2324 l,
339 2247 368 2306 5.
399 2242 508 2306 Bacch.
528 2243 577 2307 lV.
597 2247 627 2323 9,
648 2245 687 2304 9.·

191 2356 241 2420 ille
255 2357 365 2420 adrem
379 2355 499 2418 solvam
513 2353 643 2433 odotiot,
662 2390 682 2401 -
699 2363 754 2418 out
771 2356 846 2417 troii
861 2353 1022 2419 advectum
1036 2355 1125 2417 senis.

191 2479 208 2520 o
228 2459 330 2537 Troia,
345 2478 361 2518 o
375 2459 490 2539 patric,
506 2459 724 2541 sterpetum,
741 2492 761 2503 -
774 2475 794 2519 o
807 2459 928 2520 Priame
939 2459 1068 2542 periisti,
1084 2476 1188 2520 senex.

107 2572 249 2633 Terentio
271 2586 333 2632 non
348 2578 423 2633 sunt
437 2569 603 2648 asynarteti
625 2568 658 2631 hi
680 2589 808 2650 versus,
827 2568 912 2650 quod
932 2571 959 2630 is
980 2587 1138 2631 caesuram
1161 2570 1193 2630 in

105 2675 193 2754 thesi,
213 2693 295 2756 quae
310 2681 452 2756 quartam
468 2672 550 2736 arsin
565 2674 717 2754 sequitur,
735 2673 836 2740 iacere
851 2671 937 2737 solet.

189 2881 215 2963 ς
231 2876 307 2946 182.
342 2880 400 2942 Vbi
415 2880 447 2942 iu
463 2881 524 2945 arsi
539 2889 648 2962 quarta
668 2877 859 2966 eaosmessfit,
878 2900 933 2966 pes
949 2887 1078 2964 quartus
1094 2899 1192 2962 purus

103 2985 226 3050 iambus
241 3003 310 3046 esse
325 2982 427 3062 debet,
450 2983 712 3064 quemadmodum
728 2992 854 3048 octavus
869 3004 992 3068 semper
1006 3004 1105 3067 purus
1120 3003 1192 3048 ser-

105 3083 204 3156 vatur.
236 3087 301 3152 Sed
320 3087 375 3150 ubi
396 3087 558 3168 negligitur
572 3089 648 3152 bace
670 3107 813 3169 caesura,
841 3098 873 3152 ct
891 3087 1027 3173 spondeo
1043 3090 1129 3152 locus
1144 3099 1192 3150 est

104 3202 135 3254 et
149 3191 273 3272 dactylo
293 3202 325 3256 et
343 3200 509 3272 anapaesto
529 3199 560 3252 et
579 3192 859 3272 proceleusmatico.
891 3193 987 3258 Plaut.
1007 3190 1119 3275 Amph.
1139 3193 1186 3254 lll.
1273 3218 1279 3236 r

107 3296 202 3374 bil.
236 3297 305 3362 Ter.
325 3292 421 3358 Andr.
442 3295 463 3356 l.
484 3297 514 3378 3,
534 3297 563 3358 5.
584 3300 614 3376 t,
634 3299 663 3360 7.
697 3297 846 3362 Eunlll.
867 3301 896 3378 5,
918 3301 968 3360 30.

68 3437 70 3442 ’
189 3433 270 3480 nuce
288 3379 529 3496 Aloptitroooem
544 3415 607 3482 ottt
620 3415 723 3483 deludi
736 3419 819 3480 mdes
831 3424 938 3500 poter.-
954 3416 1034 3499 faoed
1047 3418 1152 3500 probe.

189 3521 216 3582 si
226 3515 311 3582 didm
323 3517 470 3602 relinquo,
481 3519 545 3582 etos
555 3522 637 3587 vitae
650 3520 753 3598 limem
767 3521 965 3604 clamitatur,
977 3519 1186 3585 belesmiam.

188 3619 241 3685 sed
261 3621 409 3704 qotdoom
424 3621 611 3704 Pamphilam
635 3625 842 3690 &maminotum
863 3624 973 3690 video?
991 3643 1099 3691 vercor
1118 3625 1191 3708 quid

823 3745 849 3790 so
876 3775 889 3792 .

188 3829 328 3894 adtritae
344 3829 394 3895 vir
404 3832 567 3912 quisquam
583 3830 624 3894 od
637 3848 704 3896 eom
720 3830 828 3900 odeat:
846 3736 880 3898 cel
891 3833 966 3898 mitt
978 3855 1015 3898 oe
1030 3834 1188 3902 obscedere

511 3969 513 3974 ·
826 3939 968 4019 lapaut.

189 4045 293 4108 Talem
308 4063 382 4106 vero
397 4051 599 4126 anapaestum
614 4048 668 4110 vix
689 4045 836 4114 credibile
851 4058 900 4114 est
919 4049 1088 4114 admissum
1103 4070 1183 4135 esse,

109 4145 203 4224 qualis
218 4156 266 4210 est
280 4149 312 4210 in
328 4151 449 4211 Terent.
483 4147 580 4212 Andr.
600 4151 648 4213 lll.
669 4154 698 4232 5,
719 4154 748 4215 7.

189 4263 243 4341 qui
256 4259 322 4324 som
332 4261 484 4344 pollicitus
499 4261 629 4326 docerer
650 4282 710 4348 quo
722 4261 837 4344 fidilcio
852 4263 884 4328 td
897 4264 1001 4350 soem
1015 4263 1156 4336 odiham.
