2896 4960
468 384 505 427 DE
520 381 653 426 t'ssnstuvs
669 383 832 426 canonicis

109 541 265 622 Diogenes
280 537 419 600 Laertius
434 535 510 601 Vlll.
528 539 560 598 in
576 505 655 598 line:

201 671 236 739 ἓν
257 670 400 762 Μέμφει
421 667 520 760 λύγος
542 669 613 740 ἐστὶ
634 671 829 758 προμαθεῖν
850 668 908 759 τὴν
932 663 1020 757 ἰδίην

199 770 348 857 Εύδοξύν
370 798 455 844 ποτε
474 778 599 860 μοῖραν
620 770 716 861 παρὰ
737 777 799 840 τοῦ
819 769 1003 858 καλλικέρω

199 878 335 967 ταύρου,
358 874 477 948 κούδδν
499 875 621 960 ἔλεξεν·
644 878 707 964 βοῒ
724 874 786 965 γάρ
807 872 919 942 πόθεν
940 871 1058 962 topos,-
1100 865 1108 876 ⁸

201 981 304 1075 φύσις
325 978 385 1050 ούκ
407 981 511 1052 ibone
532 979 649 1074 μόσχῳ
673 979 775 1048 λάλον
788 973 907 1046 Ἄπιδι
930 973 1047 1063 στόμα.

200 1084 295 1174 παρὰ
318 1081 348 1153 δ’
371 1081 472 1154 αύτδν
492 1084 622 1175 λέχριος
643 1083 726 1164 στάς
747 1080 948 1174 ἐλιχμήσατο
971 1079 1100 1172 στολήν,

200 1195 386 1281 προφανῶς
407 1195 507 1258 τοῦτο
531 1186 709 1271 διδάσκων,
733 1183 887 1277 ἀποδύσῃ
909 1183 1026 1276 βιοτὴν

201 1290 282 1362 ὅσον
304 1287 411 1361 ούπω.
433 1292 488 1362 διὸ
511 1291 568 1360 καλ
592 1289 627 1360 ot
648 1289 775 1376 ταχέως
796 1282 883 1382 ἦλθε
903 1286 1019 1377 μόρος,

200 1394 335 1476 δεκάκις
357 1391 447 1466 πέντ’
471 1395 530 1464 έπὶ
551 1399 704 1486 τρισσαῖς
725 1391 866 1475 έςιδόντι
888 1389 1062 1472 πλειάδος.

109 1543 267 1620 Caesura,
287 1549 430 1620 quaeest
451 1541 483 1600 in
499 1540 560 1602 fine
576 1541 684 1619 prioris
700 1540 813 1620 partiS‚
841 1538 891 1599 bic
906 1538 1024 1617 ubique
1039 1536 1202 1617 diligenter

110 1655 247 1707 servata.
275 1645 326 1706 Sic
342 1643 434 1706 etiam
450 1644 535 1723 apud
545 1643 700 1708 Catullum
717 1661 811 1704 carm.
827 1643 928 1704 LXlll.
948 1640 1001 1721 qui
1017 1642 1202 1720 plerumque

109 1748 249 1810 anaclasi
264 1765 341 1809 usus
356 1755 413 1828 est,
433 1756 464 1808 et
479 1750 510 1809 in
521 1750 690 1829 posteriore
705 1755 792 1829 parta
809 1765 881 1808 curn
892 1745 1026 1807 anaclasi
1042 1745 1202 1807 coniunxit

112 1851 299 1914 solutionem
315 1851 472 1913 secundae
488 1870 609 1914 arscos:

197 2009 291 2070 super
306 1989 369 2052 dito
383 1954 567 2072 voctosdtys
583 1989 674 2053 celeri
689 1990 758 2051 roto
770 1989 883 2070 moriri,

200 2093 365 2174 Pbrypium
380 2091 414 2155 dt
427 2091 531 2156 κενούς
546 2095 638 2156 citato
654 2093 764 2175 cupido
773 2093 851 2174 pcdd
865 2093 969 2175 lecyti,

199 2195 333 2278 adiitque
349 2199 445 2278 opdco
458 2196 546 2259 silvis
560 2196 702 2260 redimita
719 2197 784 2258 loco
799 2196 882 2258 deod.

109 2335 146 2395 ln
161 2335 265 2414 priore
280 2332 377 2396 semel
395 2341 514 2396 tantum
529 2353 645 2415 purum
660 2335 797 2398 lonicum
812 2333 915 2411 posuit
930 2350 960 2394 v.
980 2333 1033 2394 bl.

199 2478 347 2540 eteorum
363 2473 462 2535 omnic
479 2474 595 2557 adirent
610 2471 780 2556 soribdodo
796 2471 935 2534 tctttoto.

109 2614 206 2694 Magis
223 2613 356 2674 Graecos
370 2621 497 2674 secutus
512 2610 636 2674 videtur
650 2610 792 2672 Varroin
808 2609 920 2672 satiris.

506 2871 816 2885 w

556 3085 669 3158 off.
688 3084 772 3156 XL.

381 3254 440 3328 Da
465 3253 672 3329 versibus
698 3252 942 3350 paeonicis

201 3441 323 3527 5445.
364 3445 512 3509 Vltimum
549 3462 646 3524 genus
684 3460 885 3505 numerorum
914 3443 1101 3525 simplicium
1130 3453 1205 3510 sunt

114 3551 316 3630 paeonici,
344 3568 422 3630 quos
450 3549 567 3610 metrici
590 3557 727 3626 veterae,
760 3546 823 3608 sola
846 3556 983 3628 tempora
997 3558 1205 3622 ¹numerantes

115 3673 189 3716 cum
205 3653 334 3716 Creticis
356 3663 387 3715 et
410 3653 584 3714 Bacchiacis
606 3652 875 3712 commiscuerunt.
909 3651 1036 3714 Constat
1056 3671 1206 3716 numerus

114 3757 283 3836 paeonious
298 3775 338 3818 ox
354 3755 515 3819 ordinibus
529 3756 613 3818 arsin
628 3753 773 3833 duorum,
792 3762 828 3817 ut
842 3755 976 3818 matricis
992 3758 1102 3837 placet,
1121 3766 1207 3818 tam-

114 3879 246 3941 porum,
273 3861 375 3922 thesin
389 3869 493 3922 antam
509 3858 603 3920 trium
619 3857 763 3920 brevium
785 3858 975 3938 syllabarum
997 3860 1202 3922 habentibus:

116 3985 156 4027 ex
169 3983 231 4044 quo
247 3972 393 4047 apparet,
412 3972 448 4025 ut
463 3963 540 4024 arsis
556 3961 634 4024 solvi
648 3961 762 4043 possit,
782 3964 860 4026 atio
876 3965 954 4026 thesi
970 3962 1206 4026 contractionem

119 4067 250 4150 nullam,
271 4068 330 4130 nisi
341 4065 464 4148 perdito
478 4083 607 4128 numero
621 4067 778 4146 paeonico,
796 4087 887 4148 posse
903 4068 1031 4131 admitti.
1058 4066 1121 4145 Ego
1133 4067 1209 4146 qui-

117 4169 194 4233 dum
210 4170 304 4234 credo
320 4171 405 4232 arsin
419 4170 559 4252 paeonici
575 4172 696 4234 numeri
711 4171 769 4232 tria
784 4178 922 4253 tempora
937 4170 1068 4232 babere:
1091 4167 1130 4230 de
1146 4187 1208 4248 qua

119 4293 153 4336 re
176 4275 307 4355 exposui
331 4273 348 4358 §
368 4277 438 4336 tot.
478 4275 704 4336 Continuantur
731 4283 835 4336 autem
861 4275 967 4352 plnres
982 4275 1123 4353 'paeones
1145 4291 1208 4334 uno
