2930 4962
434 337 471 378 nn
487 335 634 378 rnrncrno
652 335 769 378 rtnnrco
785 333 909 376 etnvoo.
1038 361 1078 376 -
1181 317 1221 375 55

120 489 180 568 qui
204 489 275 550 finit
297 505 440 567 versum,
469 489 586 550 nullam
610 488 733 550 omnino
754 486 922 550 admissam
945 503 1014 550 esse
1037 488 1219 550 solutionem

120 591 279 654 credibile
294 599 350 671 est,
377 592 448 654 licet
462 592 642 654 Heliodoms
658 591 743 672 apud
758 593 948 654 Priscianum
962 611 994 671 p.
1014 589 1105 652 ⁴327.
1140 591 1220 672 Hip-

119 704 293 775 ponactem
309 696 406 758 multa
426 695 570 758 licentius
593 695 702 758 fecisse
725 694 822 758 dieat:
848 694 904 758 sed
926 713 1005 776 quos
1020 713 1131 757 versus
1152 695 1220 758 eins
1313 695 1320 712 ‘

119 801 156 861 in
172 800 259 860 hanc
273 817 340 862 rem
355 798 481 880 profert,
496 799 536 862 de
552 801 589 864 iis
604 821 635 864 v.
651 797 853 885 Lindemann.
870 797 911 862 ad
926 799 1017 860 Prisc.
1033 818 1125 880 opera
1141 799 1214 860 min.

120 922 165 998 p.
178 905 254 964 39⁴.
274 910 306 964 et
320 921 421 964 meam
436 904 596 984 epistolam
611 921 642 984 p.
660 905 731 964 398.
765 903 809 965 Ne
824 904 856 965 in
873 912 983 982 quarto
998 901 1124 983 quidem
1139 900 1219 983 pede

120 1001 277 1087 frequens
292 1015 341 1070 est
354 1007 475 1086 solutio,
490 1015 526 1068 ut
540 1008 572 1070 in
587 1006 635 1070 his
646 1007 803 1070 Phoenicis
815 1005 993 1085 Colophonii
1008 1005 1093 1088 apud
1104 1001 1213 1068 Athen.
1306 1031 1315 1044 ·
1440 1007 1441 1016 ’

122 1111 191 1174 mr.
213 1129 244 1190 p.
267 1112 338 1174 sao.
357 1109 393 1172 n.

216 1211 257 1283 οὗ
273 1215 368 1304 παρὰ
381 1212 522 1304 μάγοισι
536 1221 605 1304 πῦρ
622 1211 711 1304 ἱερὸν
725 1211 911 1305 ἀνέστησεν.

215 1316 263 1398 ὡς
277 1315 307 1387 δ’
323 1314 471 1388 ἀπέθαν’
483 1313 583 1410 tirno,
599 1323 687 1386 ποῖοι
700 1317 879 1388 κατέλιπεν
893 1321 996 1410 ῥῆσιν.

214 1530 240 1612 ᾧ
258 1527 332 1594 166.
367 1532 484 1612 Tragici
499 1549 627 1614 prorsus
642 1530 862 1594 abstinuerunt
876 1533 916 1594 ab
933 1533 989 1594 hoc
1005 1542 1102 1595 metro
1117 1552 1217 1614 neque

131 1635 238 1698 comici
254 1654 290 1694 eo
305 1634 353 1696 usi
369 1644 459 1713 sunt,
486 1636 546 1696 nisi
565 1633 642 1696 forte
662 1634 835 1698 alludentes
847 1635 889 1698 ad
904 1635 1157 1718 iambogmphos,
1183 1645 1219 1699 ut

130 1737 258 1820 Eupolis
273 1739 306 1798 in
321 1725 479 1812 Βάπταις
493 1736 578 1818 apud
593 1738 737 1801 Priscian.
756 1757 787 1818 p.
810 1741 901 1799 t832.

216 1839 338 1912 άνόσια
353 1841 472 1928 πάσχω
487 1849 603 1923 ταῦτα,
621 1841 677 1912 ναὶ
690 1843 739 1930 μὰ
752 1843 814 1924 τὰς
828 1843 969 1936 νύμφας.

217 1948 349 2014 πολλοῦ
363 1946 424 2033 μὲν
439 1937 497 2014 οὗν
512 1941 641 2026 δίκαια,
657 1945 713 2014 ναὶ
727 1945 775 2034 μὰ
790 1946 851 2028 τὰς
866 1945 1030 2038 κράμβας,

140 2065 298 2144 respiciens
319 2063 431 2127 Ananii
453 2058 509 2126 ναὶ
529 2055 578 2145 μά
599 2058 657 2150 τὴν
679 2057 842 2150 κράμβην,
866 2066 951 2148 quod
966 2066 1118 2131 habemus
1133 2067 1218 2148 apud
1310 2069 1316 2078 '

136 2165 238 2232 Athen.
259 2171 310 2232 lx.
330 2186 361 2249 p.
383 2167 454 2231 370.
475 2171 508 2231 Β.

521 2407 829 2420 *-

553 2621 665 2692 cAP.
682 2621 791 2692 XVI.

230 2777 290 2847 De
317 2775 507 2845 iambico
533 2782 798 2846 tetrametro
825 2774 1108 2846 catalectico,

213 2945 237 3027 §
262 2943 337 3010 167.
375 2945 506 3008 Comicis
527 2945 747 3008 usitatissimus
770 2953 818 3006 est
839 2953 1077 3008 tetrameter
1098 2955 1214 3008 cata-

127 3052 322 3130 lecticus,
348 3067 506 3112 caesuram
526 3048 645 3112 habens
660 3050 693 3111 in
708 3049 770 3110 tine
784 3047 873 3130 pedis
889 3050 1000 3129 quarti.
1034 3051 1211 3131 Hipponax:

216 3153 251 3224 εἴ
261 3180 321 3242 μοι
337 3153 464 3245 γένοιτο
480 3154 654 3245 παρθένος
667 3153 751 3245 καλή
766 3181 802 3223 τε
817 3155 875 3222 καὶ
889 3154 1028 3244 τέρεινα.

127 3274 191 3338 Sed
206 3293 275 3336 eam
291 3273 398 3336 comici
413 3293 505 3355 saepe
521 3272 689 3354 negligunt.
724 3275 842 3354 Tragici
865 3273 905 3335 ab
925 3274 982 3334 hoc
1001 3282 1097 3335 metro
1112 3273 1215 3336 absti-

128 3386 275 3439 nuerunt.
309 3377 353 3438 Eo
377 3385 473 3440 metro
488 3385 562 3440 sunt
576 3393 687 3440 versus
710 3376 872 3456 politici
895 3377 1099 3439 recentiorum
1115 3375 1215 3440 Grae-

128 3498 251 3559 corum,
281 3479 320 3542 de
347 3479 460 3559 quibus
486 3499 517 3540 v.
544 3480 730 3542 Bachmanni
752 3476 898 3541 Anecdot.
919 3481 953 3540 ll.
973 3498 1004 3559 p.
1025 3483 1080 3559 98,
1109 3483 1158 3542 to.
1185 3489 1216 3542 et

53 3583 55 3588 '
128 3585 257 3663 Struve,
281 3581 355 3645 iiber
375 3582 623 3664 despoliantes
646 3583 719 3674 Vero
740 3581 795 3644 der
816 3579 1065 3664 Mittelprt'ecltec,
1090 3583 1214 3646 Hildos-

131 3686 208 3748 itoim
226 3685 318 3748 ⁴828.

215 3890 239 3972 ᾖ
263 3887 338 3956 168.
387 3892 465 3954 Rara
485 3891 606 3975 solutio
634 3900 682 3954 est
710 3893 742 3953 in
771 3889 850 3974 pede
881 3899 999 3972 quarto.
1054 3889 1208 3973 Aristoph.

132 3995 255 4059 Thesm.
277 3996 349 4058 567.
1024 4003 1026 4008 ·

216 4097 286 4170 ἀλλ’
309 4101 456 4172 ἐκποκιῶ
480 4125 539 4169 σου
565 4099 624 4182 σάς
648 4099 809 4181 ποκάδας·
836 4095 960 4169 οὔποτε
981 4100 1030 4186 μὰ
1052 4101 1122 4168 Δία
1142 4097 1211 4190 σύγ’

851 4202 946 4294 ἅψει.
