2922 4948
366 345 403 387 ne
420 345 687 389 rnrsnesnmrrone
704 345 1008 392 snrrsrnormconrn.
1174 327 1236 392 toa

235 490 272 579 γ’.
304 499 434 561 Gborus.

236 594 269 662 ι’.
304 602 563 681 Clytaemnestra:
590 605 757 682 anapaesti.

234 697 281 767 θ’.
305 705 435 768 Chorus.

234 801 271 872 t'.
302 809 562 890 Clytaemnestra:
589 812 756 890 anapaesti.

233 1029 350 1114 §sab
383 1031 534 1115 Apparet,
560 1037 590 1096 in
614 1034 662 1096 his
678 1037 854 1114 systematis
870 1037 960 1097 etiam
980 1045 1161 1114 anapaestos
1176 1036 1237 1098 sibi

147 1137 346 1220 respondere.
380 1137 441 1200 Sed
457 1157 518 1200 non
535 1138 569 1200 fit
583 1139 640 1200 hoc
654 1138 782 1219 ubique.
816 1139 891 1200 Nam
911 1140 941 1198 in
958 1138 1145 1218 quibusdam
1162 1157 1236 1201 ear-

147 1241 286 1304 minibus
309 1243 466 1323 anapaesti
490 1243 624 1323 exempti
650 1251 724 1304 sunt
745 1242 865 1323 aequali
888 1244 1122 1322 responsionum
1147 1227 1264 1304 com--

145 1345 314 1426 paratione.
348 1345 506 1408 Interdum
530 1365 602 1407 vero
622 1347 713 1408 etiarn
737 1347 793 1409 soli
815 1347 990 1427 anapaesti,
1016 1345 1133 1427 quibus
1149 1347 1235 1408 nulla

145 1449 284 1512 admixta
307 1459 381 1513 sunt
404 1450 511 1512 melica
534 1461 648 1531 metra,
674 1451 734 1514 sibi
756 1451 957 1532 respondent:
987 1459 1023 1548 ut
1043 1452 1075 1511 in
1097 1461 1236 1512 extremo

145 1553 325 1614 Prometheo
336 1575 342 1616 :

232 1675 305 1737 ΠΡ.
367 1660 440 1738 ἙΡ.Ι
505 1673 582 1738 XO.
644 1667 716 1739 ἙΡ.
782 1675 854 1738 ΠΡ.

141 1793 145 1804 ’
247 1771 289 1841 α’.
380 1771 422 1859 β’.
501 1798 575 1859 pec.
655 1769 697 1862 d.
797 1773 838 1841 α’.

143 1901 212 1972 Quo
228 1901 260 1961 in
277 1900 351 1980 loco,
367 1910 403 1963 ut
417 1919 520 1982 saepe,
539 1903 754 1983 responsiones
771 1912 938 1964 metrorum
954 1899 1100 1963 indicium
1118 1900 1235 1963 laciunt

144 2005 283 2083 lacunae,
304 2005 353 2066 vel
369 2006 491 2066 vitiatae
507 2006 688 2085 scripturae.
1225 2005 1228 2010 ’

534 2249 843 2260 -un———n——on

549 2445 662 2516 cAP.
680 2446 830 2515 XXIV.

182 2643 183 2646 =
227 2598 285 2669 De
313 2599 680 2692 interpellatione
707 2598 1145 2692 antistrophicorum.

228 2766 344 2850 5697.
379 2769 451 2849 Hoc,
477 2769 516 2831 de
532 2787 593 2854 quo
610 2768 726 2832 dictum
742 2779 799 2850 est,
818 2770 955 2850 aequalis
969 2770 1104 2850 partium
1120 2769 1231 2832 distri-

142 2876 279 2938 butionis
295 2872 433 2936 studium
455 2892 578 2935 monere
593 2892 650 2934 nos
671 2872 781 2953 debet,
807 2883 858 2953 ut,
886 2873 1076 2956 ubicumque
1096 2875 1230 2937 carmina

142 2979 182 3041 ad
197 2980 333 3061 primurn
349 2977 530 3058 adspectum
546 2987 676 3039 autnon
691 2978 920 3062 antistropbica,
946 2988 1001 3042 aut
1015 2979 1065 3040 hic
1079 2981 1141 3043 illic
1156 2991 1231 3044 tan-

142 3095 207 3146 turn
232 3083 353 3164 aliquas
376 3083 590 3162 responsiones
613 3081 757 3144 habentia
781 3081 1069 3164 deprehendamus,
1094 3087 1229 3166 primum

141 3189 278 3250 onmium
302 3187 340 3250 de
356 3185 560 3270 inveniendis,
572 3195 603 3246 et
624 3184 844 3248 constituendis
866 3187 1092 3266 antistrophicis
1113 3191 1230 3270 cogite-

141 3311 222 3372 mus,
242 3291 335 3372 idque
351 3292 396 3353 sic
410 3291 509 3352 lacere
524 3290 733 3368 instituamus,
758 3297 792 3350 ut
807 3298 889 3352 certa
904 3292 1047 3352 carminis
1063 3291 1113 3352 lex
1128 3303 1159 3354 et
1174 3312 1229 3354 re-

141 3397 212 3480 gula
236 3405 400 3477 appareat,
430 3414 470 3456 ex
492 3412 571 3475 qua,
602 3411 663 3476 que
690 3392 753 3454 loco
776 3411 919 3474 quaeque
938 3393 1066 3476 'stropha
1089 3396 1228 3458 collocari

141 3501 295 3580 debuerit,
316 3499 397 3562 clare
412 3498 625 3579 perspiciatur.

226 3727 250 3808 ὃ
264 3722 343 3791 698.
378 3722 468 3799 Quod
489 3743 586 3806 quum
608 3741 700 3804 saepe
721 3734 846 3806 propter
861 3723 1092 3787 similitudinem
1109 3734 1228 3787 metro-

141 3851 226 3910 rum,
246 3832 436 3910 lacunasque
451 3837 483 3891 et
497 3829 667 3908 scripturae
682 3827 770 3906 vitia,
798 3827 912 3908 quibus
927 3828 1075 3910 pleraque
1091 3831 1227 3892 carmina

141 3936 309 3998 deformata
325 3943 409 4013 sunt,
428 3932 644 3996 difficillimum
660 3933 709 4011 sit,
725 3942 791 3994 turn
807 3931 963 3995 dillicilius
979 3934 1070 3995 etiarn
1086 3933 1228 3996 redditur

111 4024 190 4119 'eo,
222 4038 308 4119 quod
333 4057 435 4118 neque
462 4036 561 4098 omnia
589 4038 724 4102 carmina
754 4036 970 4117 antistropbica
1001 4047 1103 4118 sunt,
1124 4057 1227 4118 neque

140 4145 239 4205 omnia
257 4153 318 4204 tota
334 4162 372 4202 ex
389 4139 786 4221 antistrophicis'constant,
813 4159 870 4200 nec
884 4139 1018 4220 denique
1034 4143 1066 4202 in
1082 4141 1225 4203 omnibus

139 4247 308 4327 aequalitas
325 4246 375 4306 illa
392 4255 512 4308 servata
528 4253 584 4306 est.
