2930 4962
476 1003 745 1102 LIBER
797 1005 838 1103 Ι.

594 1219 714 1230 ..n—...—

570 1381 683 1452 cAP.
710 1381 743 1453 1.

518 1533 576 1603 De
603 1555 793 1606 numeru.

197 1703 223 1784 ξ
241 1701 270 1765 1.
304 1703 493 1764 Doctrina
510 1705 677 1766 metrica
700 1713 748 1766 εει
763 1705 889 1765 scientia
907 1711 1084 1765 metrorum.
1119 1707 1200 1768 Me-

119 1815 215 1869 trum
232 1816 281 1868 est
295 1807 391 1867 series
406 1815 581 1886 temporum
596 1815 712 1869 certam
728 1825 907 1868 mensuram
922 1805 1113 1870 habentium.

197 2011 269 2094 §2
303 2015 500 2076 Numerus
514 2022 563 2076 est
576 2011 715 2076 ordinata
730 2015 884 2076 successio
898 2024 1082 2096 temporum.
1117 2015 1153 2075 Ei
1167 2016 1199 2076 in

118 2119 210 2199 spatio
232 2103 399 2198 respondet
420 2118 673 2198 symmetria,
699 2135 779 2198 quac
801 2127 850 2180 est
869 2119 1038 2197 spatiorum
1061 2107 1200 2180 ordinata
1279 2151 1281 2156 ·

116 2223 307 2286 continuitas.
341 2224 447 2302 ltaque
470 2222 591 2284 numeri
614 2223 736 2302 propria
758 2230 833 2282 sunt
851 2231 1005 2302 tempora,
1030 2241 1200 2302 eorumque

115 2327 284 2402 successim
311 2325 523 2406 symmetriae,
550 2325 666 2405 spatia,
691 2343 861 2404 eorumque
876 2325 1070 2387 continuitas.
1102 2327 1199 2389 Com-

115 2448 206 2492 mune
222 2429 384 2491 amborum
400 2427 474 2490 ordo
489 2438 551 2509 est,
578 2430 631 2512 qui
654 2437 702 2492 εει
720 2427 879 2510 dispositio
893 2427 934 2490 ad
951 2427 1049 2509 legem
1064 2427 1198 2508 aliquam

28 2621 29 2626 η
71 2558 75 2567 ·
116 2532 201 2611 iacta.

196 2719 268 2803 Η.
302 2721 378 2782 Eam
394 2721 491 2801 legem
508 2739 636 2783 neeesse
658 2730 706 2782 est
726 2721 973 2785 obieotivam
995 2742 1102 2803 esse,
1128 2724 1148 2785 i.
1168 2743 1195 2786 c.

114 2829 141 2888 in
156 2828 225 2906 ipsa
240 2825 445 2887 successionis
461 2834 492 2886 et
502 2825 711 2888 continuitatis
723 2836 833 2888 natura
848 2829 990 2908 positam,
1010 2829 1082 2908 quia
1097 2827 1199 2890 sub-

113 2930 263 2991 iectiva
286 2929 355 3008 lex,
382 2930 401 2989 i.
422 2949 448 2990 e.
468 2947 548 3010 quae
563 2947 581 2989 e
595 2947 691 2992 sensu
706 2929 1017 2994 animadvertentium
1036 2930 1195 3012 penderet,

113 3033 256 3112 quoniam
274 3031 333 3094 sibi
348 3051 410 3094 non
426 3042 589 3113 constaret,
608 3053 648 3095 ne
663 3033 770 3096 haberi
786 3033 912 3115 quidem
927 3053 984 3115 pro
999 3036 1065 3116 lege
1080 3043 1194 3115 posset.

28 3195 29 3198 ,
112 3137 187 3199 Εεεε
198 3145 303 3198 autem
316 3136 415 3216 legem
427 3137 562 3217 aliquam
574 3135 757 3201 obieotivam
768 3148 800 3200 et
811 3140 932 3201 numeri
944 3148 976 3201 et
987 3139 1195 3220 symmetriae,

112 3259 149 3301 cx
160 3261 197 3302 co
208 3249 351 3320 apertum
364 3248 421 3320 est,
437 3239 520 3321 quod
532 3259 612 3321 quae
627 3251 801 3321 temporum
814 3244 1022 3323 spatiorumve
1034 3241 1199 3321 descriptio

112 3343 224 3406 habeat
237 3363 403 3406 numerum
419 3347 686 3426 symmetriomve,
711 3346 827 3426 pariter
848 3363 955 3408 omnes
970 3347 1036 3408 sine
1052 3345 1199 3408 dissensu

111 3457 219 3528 sponte
234 3449 420 3528 intelligunt.

194 3656 219 3738 ἦ
233 3653 267 3720 4.
301 3653 439 3718 Eandem
455 3654 555 3737 legem
570 3656 663 3718 ctiam
678 3653 885 3718 formalem
908 3675 977 3720 esse
992 3677 1121 3722 necesse
1136 3669 1193 3740 est,

111 3763 129 3822 i.
148 3781 176 3824 e.
195 3762 226 3822 in
246 3760 320 3822 solis
343 3758 535 3840 temporibus
557 3760 726 3840 spatiisque
742 3761 956 3842 conspicuam
982 3781 1045 3823 non
1069 3771 1198 3824 mate-

112 3864 267 3944 rialem,
288 3864 356 3926 sive
370 3864 401 3924 in
417 3863 522 3943 rebus,
542 3863 696 3944 quaesibi
712 3861 886 3926 succedunt
900 3865 949 3926 vel
965 3865 1022 3927 loci
1037 3867 1197 3928 continui-

113 3975 170 4029 tate
190 3965 512 4049 comprehenduntur,
539 3968 645 4046 sitam,
671 3968 759 4027 utin
783 3967 911 4030 vocibus
932 3969 984 4031 vel
1004 3968 1193 4050 corporibus,

114 4072 181 4150 quia
196 4071 229 4132 in
240 4089 370 4133 numero
382 4071 623 4150 symmetriaque
635 4089 696 4132 non
709 4069 786 4150 quid
798 4071 857 4138 sibi
869 4070 1014 4134 succedat
1029 4090 1197 4150 coagmen-

114 4183 247 4236 tatumve
262 4158 323 4253 sit,
337 4173 405 4253 scd,
428 4172 581 4255 quidquid
597 4172 628 4235 id
644 4173 693 4252 sit,
713 4193 775 4254 qua
791 4175 855 4255 lege
871 4173 1016 4238 succedat
1030 4191 1197 4252 coagmen-

115 4285 247 4340 tatumve
262 4280 312 4357 sit,
331 4285 499 4358 spectatur.

161 4395 280 4438 normanni
289 4395 391 4446 Epitonae
401 4395 471 4437 doctr.
483 4396 595 4437 metricae.
975 4395 984 4443 1
