2930 4962
240 346 260 406 2
664 365 720 408 rm.
740 365 762 407 r.
791 365 853 408 car.
873 365 894 408 r.

328 517 399 600 §5-
433 521 571 599 Denique
594 521 772 581 innatam
796 518 887 580 nobis
907 537 976 580 eam
997 518 1096 598 legem
1119 539 1188 582 esse
1203 539 1331 584 necesse

173 673 176 682 ,
243 632 306 703 est,
332 625 352 684 i.
372 643 399 684 e.
419 642 435 684 a
457 623 550 705 priori
571 633 702 704 certam,
729 631 765 685 ut
778 622 952 702 philosophi
967 623 1154 704 loquuntur,
1180 626 1330 705 quianon

242 725 405 806 discendo,
431 725 488 788 sed
508 719 564 806 pe'r
583 746 617 788 se
638 727 840 807 cognoscitur.
873 728 950 789 Nam
972 727 998 788 si
1020 729 1211 808 empirica
1235 738 1328 808 esset,

242 831 262 891 i.
278 850 305 892 e.
325 829 446 892 condita
461 829 630 911 abaliquo,
649 849 711 892 non
728 839 811 892 esset
824 839 906 909 nota,
925 830 984 892 nisi
1000 831 1054 910 qui
1070 849 1138 892 eam
1155 830 1326 909 didicisset3

242 943 408 1015 possetque
424 944 456 996 et
469 935 582 997 mutari
597 944 629 996 et
643 933 793 1014 abrogari.

327 1137 394 1222 56.
421 1141 538 1205 Caussa
550 1141 700 1204 obiectiva
711 1141 914 1203 successionis
929 1139 1152 1204 efficientia
1168 1150 1233 1210 est„
1252 1142 1330 1204 Nam

242 1244 395 1326 quidquid
412 1264 469 1326 per
483 1264 517 1307 se
532 1245 592 1308 sibi
607 1244 755 1324 succedit,
775 1245 816 1305 ita
831 1253 875 1324 ut,
895 1243 980 1323 quod
995 1245 1082 1325 prius
1098 1253 1155 1324 est,
1174 1264 1236 1306 non
1251 1264 1330 1326 pos-

241 1351 282 1410 sit
302 1349 393 1412 etiam
415 1350 568 1430 posterius
592 1367 677 1426 esse,
708 1345 793 1430 quod
817 1355 922 1410 autem
947 1349 1119 1428 posterius,
1148 1367 1210 1409 non
1236 1350 1330 1413 etiam

132 1480 146 1500 s
240 1453 345 1533 prius:
379 1450 423 1512 id·
438 1451 599 1515 efficientia
626 1453 815 1530 continetur,
848 1469 929 1531 quae
954 1460 1003 1513 est
1028 1470 1209 1514 caussarum
1234 1460 1331 1532 atque

242 1555 407 1618 effectuum
431 1557 589 1618 connexio.
625 1555 742 1619 Caussa
768 1553 917 1618 obiectiva
943 1555 1152 1618 continuitatis
1179 1556 1331 1618 cohae-

242 1661 367 1720 rentia
382 1669 439 1724 est.
471 1658 632 1740 Quidquid
644 1660 727 1721 enim
743 1677 799 1740 per
813 1677 846 1720 se
862 1659 1041 1721 continuum
1056 1668 1118 1738 est,
1144 1660 1186 1720 ita
1201 1669 1237 1722 ut
1250 1677 1331 1740 par-

241 1772 289 1826 tes
310 1763 377 1824 eius
398 1781 460 1826 nou
475 1763 534 1826 alla
550 1763 636 1826 iuxta
650 1763 741 1826 aliam
756 1763 855 1844 posita
878 1763 936 1842 sit,
964 1761 1049 1843 quod
1070 1761 1136 1824 fleri
1151 1781 1213 1824 non
1228 1771 1332 1843 potest

241 1866 301 1927 nisi
320 1885 418 1928 vacuo
433 1866 536 1948 aliquo
558 1869 656 1948 spatio
670 1866 789 1946 relicto,
815 1865 872 1927 sed
894 1875 930 1928 ut
950 1885 1056 1928 omnes
1078 1885 1177 1929 unum
1193 1867 1329 1946 spatium

241 1977 339 2032 totum
354 1970 518 2050 impleant:
537 1969 570 2032 id
584 1970 776 2032 cohaerentia
790 1971 976 2050 continetur,
991 1987 1071 2051 quae
1086 1979 1134 2032 est
1148 1977 1331 2051 perpetuata

240 2093 298 2154 per
311 2084 415 2155 partes
431 2092 538 2136 omnes
553 2075 666 2136 unitas.
696 2075 802 2154 ltaque
818 2074 965 2146 hactenus
981 2092 1130 2136 numerus
1145 2081 1193 2136 est
1207 2074 1331 2156 series

241 2195 467 2238 caussarum
482 2187 603 2258 atque
618 2176 858 2255 eiiectuum;
877 2178 1067 2258 symmetria,
1086 2178 1216 2240 series
1230 2195 1329 2257 par-

241 2282 340 2342 tium
356 2281 675 2344 cohaerentium.
705 2281 809 2342 Partes
824 2289 928 2343 autem
945 2288 975 2340 et
990 2280 1213 2342 cohaerentiam
1229 2298 1328 2360 quum

241 2384 383 2465 dicimus,
399 2386 430 2446 in
446 2385 504 2447 hac
520 2385 602 2448 omni
618 2384 824 2465 disputatione
840 2402 876 2446 ea
892 2392 1023 2464 tantum,
1039 2402 1119 2464 quae
1135 2385 1234 2464 spatio
1248 2383 1329 2446 eonss

240 2489 386 2570 tinentur,
405 2489 552 2552 volumus
566 2488 703 2569 intelligi.

326 2693 397 2776 §7-
430 2697 582 2772 Quoniam
598 2697 630 2757 in
646 2713 776 2757 numero
791 2697 1033 2776 symmetriaque
1052 2713 1114 2756 non
1134 2693 1276 2772 materia,
1302 2695 1323 2754 i.

240 2819 267 2858 ε.
287 2817 336 2860 res
356 2817 437 2879 quae
457 2799 521 2860 sibi
536 2798 708 2862 succedunt
728 2807 996 2878 coagmentataeve
1017 2807 1108 2877 sunt,
1136 2797 1193 2860 sed
1214 2795 1322 2875 forma,

239 2903 259 2963 i.
278 2919 306 2964 e.
326 2903 389 2964 sola
412 2911 550 2982 tempora
573 2912 604 2964 et
625 2903 724 2982 spatia
744 2911 939 2983 spectantur:
968 2911 1106 2980 tempora
1131 2909 1234 2963 autem
1257 2901 1327 2979 ipsa

240 3022 301 3068 non
313 3004 399 3068 aliud
414 3023 454 3066 ex
469 3006 528 3067 alio
543 3013 723 3087 nascuntur,
738 3025 796 3066 nec
810 3006 908 3085 spatia
924 3005 991 3085 ipsa
1002 3004 1061 3066 alia
1076 3006 1206 3068 aliorum
1221 3011 1327 3084 partes

240 3118 330 3170 sunt:
357 3107 577 3188 descriptiones
592 3125 699 3172 eorum
714 3111 755 3172 ita
770 3118 960 3188 comparatas
975 3126 1044 3170 esse
1058 3127 1183 3172 necesse
1202 3117 1264 3190 est,
1290 3115 1327 3170 ut

239 3214 325 3292 ipsae
344 3228 401 3291 per
420 3231 454 3274 se
469 3213 634 3292 imaginem
649 3213 816 3274 exhibeant
837 3231 941 3303 rernm
961 3210 1123 3274 efficientia
1139 3211 1189 3274 vel
1210 3212 1326 3273 cohae-

240 3318 337 3378 rentia
358 3315 582 3396 copulatamm.
618 3318 724 3397 ltaque
746 3317 807 3377 iam
829 3333 979 3378 numerus
1002 3325 1050 3378 est
1074 3317 1200 3394 imago
1222 3314 1326 3376 eiii·-

239 3421 415 3482 cientiae
450 3439 521 3503 per
557 3430 737 3500 tempora
773 3428 1102 3500 repraesentata;
1146 3420 1325 3498 symmetria

239 3531 360 3604 autem,
408 3525 536 3604 imago
581 3524 866 3585 cohaerentiae
903 3531 1215 3604 repraesentata
1256 3541 1326 3601 per

238 3628 382 3707 spatia.

324 3835 349 3916 ξ
363 3832 395 3900 8.
429 3836 496 3897 Non
511 3843 731 3916 potestantem
747 3835 837 3896 aliter
850 3833 881 3894 in
896 3831 972 3913 ipsis
987 3833 1179 3913 temporibus
1194 3831 1325 3914 spatiis·-

239 3958 300 4020 que
315 3957 463 4019 expressa
477 3957 626 4020 apparere
648 3939 748 4017 imago
769 3937 871 4017 aliqua
890 3934 1072 3998 efficientiae
1087 3939 1136 3999 vel
1151 3937 1326 3998 cohaeren-

238 4045 308 4124 tiae,
327 4045 387 4105 nisi
402 4042 594 4122 temporibus
608 4043 779 4122 spatiisque
794 4060 829 4103 ea
845 4039 1040 4120 proportione
1052 4040 1224 4122 descriptis,
1243 4059 1324 4120 quae

239 4147 288 4208 vel
310 4149 391 4208 inter
411 4163 539 4208 caussas
552 4154 646 4225 atque
668 4145 811 4223 effeetus,
841 4144 886 4204 vel
906 4144 987 4206 inter
1007 4153 1111 4224 partes
1131 4144 1323 4206 cohaerentia

238 4252 395 4331 copulatas
411 4259 467 4310 est.
494 4250 538 4308 Ea
554 4249 708 4329 proportio
724 4258 827 4308 autem
843 4248 875 4308 in
891 4247 1134 4326 aequalitate
1149 4249 1246 4327 posita
1262 4256 1332 4308 est„
