2922 4948
407 431 443 470 nn
459 428 676 470 eourosrrrortn
693 429 878 471 rvuaaouvu.
1123 411 1184 472 203
1240 476 1244 482 ,

25 587 28 622 ῑ
101 583 417 662 siveasynarteti3
452 583 714 661 cohaerentia,
746 599 826 661 quae
849 575 1013 667 συνάφεια
1034 584 1190 645 aGraecis

99 696 244 766 vocatur,
264 705 344 766 quae
360 695 541 768 perpetuato
557 703 686 748 numero
701 685 837 766 perfecta
853 687 1026 748 coniunctio
1040 692 1096 749 cst.

187 893 212 974 ἐ
226 891 304 957 558.
331 893 430 955 Medi
446 894 666 956 nectendorum
679 912 878 956 numerorum
893 894 925 956 hi
940 903 1029 956 sunt:
1049 913 1092 956 ex
1108 897 1189 956 arsi

99 1001 139 1060 in
156 1000 282 1076 arsin,
309 1015 389 1077 quae
412 995 498 1060 fortis
519 1005 551 1060 et
572 999 708 1060 mascula
729 999 902 1060 coniunctio
936 1007 998 1074 est;
1024 1017 1068 1060 ex
1091 999 1190 1060 thesi

98 1105 137 1163 in
168 1103 294 1180 arsin,
325 1117 404 1180 quae
433 1101 589 1162 lenissima
613 1103 751 1163 omnium
778 1110 809 1162 et
837 1103 1023 1164 suavissima
1049 1111 1112 1174 est;
1146 1123 1191 1164 ex

99 1207 186 1268 arsi
209 1207 246 1267 in
268 1206 496 1287 anaorusin,
526 1223 606 1285 quae
628 1206 708 1266 inter
729 1205 785 1267 has
805 1204 905 1267 media
926 1213 988 1282 est;
1019 1225 1065 1267 ex
1086 1205 1189 1267 thesi

100 1313 137 1371 in
159 1311 386 1392 anacrusin,
412 1329 493 1392 quae
515 1309 626 1372 debilis
647 1318 679 1372 et
697 1309 797 1372 soluta
823 1319 880 1371 est.
921 1309 964 1371 De
986 1309 1034 1372 his
1056 1329 1084 1372 v.
1112 1309 1189 1372 infra

98 1431 168 1496 cap.
189 1413 292 1476 xvtu.

187 1635 304 1719 5559.
337 1639 574 1718 Conversio,
605 1657 685 1720 quae
711 1659 728 1700 a
756 1640 876 1718 tragicis
903 1641 1027 1701 inventa
1054 1639 1186 1720 videtur,

99 1751 273 1825 usurpatur
295 1744 327 1804 in
354 1743 530 1822 systematis
558 1763 620 1805 uno
648 1762 760 1823 genere
789 1744 912 1804 numeri
938 1741 1186 1822 decurrentibus,

99 1867 235 1928 quorum
255 1847 287 1907 in
308 1847 386 1926 fine,
413 1847 546 1928 abrupto
565 1866 710 1927 numero,
735 1848 767 1907 in
788 1848 883 1908 alium
907 1857 938 1908 et
957 1847 1142 1928 plerumque
1159 1849 1189 1908 in

97 1953 276 2032 oppositum
289 1951 446 2030 transitur,
461 1958 493 2013 et
508 1949 635 2030 quidem
650 1961 705 2014 aut
715 1973 754 2012 ex
766 1952 827 2013 arsi
838 1952 870 2012 in
882 1949 975 2029 arsin,
996 1959 1051 2014 aut
1060 1971 1099 2012 ex
1111 1951 1190 2012 thesi

95 2059 128 2118 in
145 2057 324 2118 anacrusin.
349 2055 391 2118 Vt
404 2053 489 2136 opud
504 2055 610 2136 Eurip.
631 2057 702 2117 Heu.
723 2056 795 2116 2⁴3.

185 2168 244 2238 τὸν
268 2169 348 2256 ἐμὸν
367 2169 405 2240 δὲ
424 2168 501 2257 βίον
509 2222 519 2254 ,
542 2167 654 2257 λώβαν
676 2168 783 2255 λύμαν
804 2166 832 2238 τ’

186 2271 226 2342 οὐ
248 2272 514 2362 μετακλαίομαι·
537 2269 623 2342 ἀλλὰ
646 2279 766 2342 θανεῖν
785 2298 845 2360 μοι

230 2374 382 2462 ξυντυχία
405 2371 567 2468 κρείσσων
588 2375 752 2469 ἐκύρησεν.

98 2509 139 2570 Ει
154 2505 240 2588 apud
255 2503 409 2586 Aristoph.
427 2503 508 2568 Nub.
528 2507 601 2568 288.

146 2687 152 2696 ,
187 2617 261 2689 ἀλλ’
284 2617 552 2706 ἀποσεισάμεναι
572 2618 675 2710 νέφος
697 2614 838 2706 ὄμβριον

187 2721 366 2804 ἀθανάτας
386 2721 495 2809 ἰδέας,
522 2722 723 2809 ἐπιδώμεθα

230 2825 425 2919 τηλεσκόπῳ
449 2822 577 2913 ὄμματι
600 2832 709 2918 μαῖαν.

98 2960 134 3021 V.
155 2957 261 3037 Eurip.
281 2955 381 3018 Orest.
402 2955 495 3018 toti.

188 3161 304 3246 §56st
331 3165 431 3226 Tertia
454 3179 527 3244 pars
543 3163 732 3226 tractationis
745 3165 778 3224 iu
799 3167 1057 3245 proportione
1078 3185 1189 3228 versa-

100 3281 167 3332 tur:
188 3288 267 3350 quae
283 3277 337 3330 aut
352 3267 607 3348 longitudinis
623 3276 684 3348 est,
710 3276 765 3330 aut
779 3267 982 3348 ponderis,
1002 3271 1189 3350 omninoque

100 3373 352 3454 melopoeiae.

186 3595 210 3677 ξ
225 3593 302 3661 561.
329 3597 459 3659 Multum
480 3604 583 3658 autem
599 3595 709 3675 refert,
736 3613 816 3675 quae
831 3595 872 3657 sit
886 3595 1096 3659 membrorum
1113 3617 1189 3660 ver-

100 3720 257 3780 suumque
273 3698 445 3780 longitudo,
471 3719 510 3760 no
531 3699 683 3763 eiusmodi
705 3698 844 3760 membra
861 3719 1032 3781 versusque
1055 3705 1188 3765 coniun—

100 3813 230 3888 gantur,
257 3811 480 3883 quorum'uon
501 3813 572 3883 apta
595 3803 635 3864 sit
654 3803 734 3864 inter
755 3804 839 3884 ipsos
863 3807 1058 3884 comparatio.
1099 3807 1188 3880 Quod

100 3929 199 3992 quum
216 3908 247 3969 in
264 3907 391 3987 singulis
406 3925 555 3969 versuum
571 3905 737 3986 generibus
756 3907 914 3969 observari
929 3917 1047 3989 potest,
1074 3918 1140 3970 tum
1157 3911 1186 3970 in

98 4013 238 4094 plurium
254 4029 402 4073 versuum
418 4011 646 4090 coniunctione,
673 4011 807 4071 maxime
822 4011 853 4071 in
874 4012 1024 4091 strophis,
1049 4031 1129 4091 quae
1149 4033 1189 4074 ex

99 4116 229 4198 epitritis
245 4123 277 4176 et
292 4113 449 4196 dactylicis
470 4112 617 4175 membris
641 4123 790 4177 constant.
823 4113 971 4176 Eiusdem
986 4116 1112 4177 rationis
1128 4126 1184 4196 est,

54 4256 57 4266 ·
99 4218 186 4302 quod
201 4219 357 4280 clausulae
373 4219 405 4278 in
422 4216 605 4278 comicorum
621 4217 732 4280 iambis
750 4219 960 4298 trochaeisque
976 4238 1034 4280 nec
1048 4217 1187 4300 brachy—

98 4323 264 4388 mtaiectae
280 4329 369 4398 sinit,
388 4333 491 4394 neque
506 4316 775 4397 hypercataleetae.
808 4323 923 4386 Verum
946 4321 1002 4384 ubi
1016 4325 1186 4404 argumenti
