2896 4960
246 377 305 441 164
660 397 715 440 nra.
737 398 780 440 ru.
815 398 877 440 cnr.
898 399 917 442 r.

241 551 296 612 sed
309 552 534 630 compositionis
558 553 673 612 ratione
688 553 763 612 nihil
777 551 879 613 differt
893 572 910 613 a
923 553 1034 631 quovis
1049 551 1107 612 alio
1120 560 1228 630 metro,
1244 549 1320 631 quod

240 675 279 716 ex
296 655 427 716 diversis
448 653 595 715 memhris
612 655 737 716 eosdem
753 655 849 734 pedes
866 654 1052 716 habentibus
1068 655 1182 716 iactum
1207 657 1255 716 sit.
1280 655 1323 714 Ex

241 777 302 838 quo
318 769 461 839 apparet,
490 758 598 819 inutile
620 769 828 820 commentum
850 778 918 820 esse
938 751 1049 837 μίξεις
1063 760 1130 821 illas
1145 741 1218 820 κατ’
1240 749 1325 819 ἀντι-

241 857 403 942 πάθειαν,
422 863 477 924 uhi
490 861 650 923 ordinibus
667 864 731 924 suis
745 881 854 924 versus
870 865 1006 943 metiore,
1026 882 1087 923 non
1101 863 1263 923 arbitrario
1277 863 1326 921 in-

241 977 333 1028 vento
356 966 560 1047 dipodiarum.
602 963 642 1026 At
663 967 754 1027 etiam
779 986 925 1028 versuum
955 976 1275 1046 asynartetorum
1300 974 1327 1025 et

240 1070 300 1150 pol
311 1070 682 1150 yschemati'stornm
706 1057 927 1150 appellationes
946 1071 1013 1131 aliis
1029 1070 1262 1132 definitionibus
1277 1071 1326 1128 in-

242 1174 363 1253 digent,
384 1194 477 1253 quam
495 1193 574 1254 quae
590 1193 607 1235 a
624 1174 757 1234 metricis
772 1174 881 1235 allatae
897 1185 979 1234 sunt.

327 1378 443 1461 §455
470 1382 530 1442 Nos
546 1391 643 1442 metra
659 1401 711 1460 ea,
732 1401 812 1461 quae
827 1401 887 1441 non
904 1390 978 1443 sunt
999 1383 1222 1463 simplicia,
1247 1381 1328 1441 divi-

241 1486 345 1548 dimus
360 1487 390 1545 in
406 1485 983 1565 versusmixtosetcompositos
1017 1487 1329 1565 Mintisuntquiex

241 1589 372 1651 diversis
388 1590 525 1649 numeris
546 1589 576 1647 in
596 1608 691 1649 unum
709 1588 844 1650 confusis
861 1598 1018 1666 constant;
1046 1589 1275 1668 compositi,
1299 1590 1327 1648 in

242 1692 357 1772 quibus
370 1693 475 1772 plnres
488 1693 608 1752 numeri
626 1693 664 1751 ita
678 1703 751 1753 sunt
763 1693 904 1774 copulati,
924 1701 959 1753 ut
971 1695 1097 1754 seorsim
1111 1693 1188 1754 alter
1200 1693 1326 1754 alterum

242 1779 401 1876 sequatur.

327 2001 439 2084 §dbb
465 2007 600 2067 Mixtio
616 2003 731 2084 duplex
749 2014 806 2066 est.
833 2004 907 2064 Nom
924 2014 978 2065 aut
990 2005 1095 2085 plures
1112 2008 1236 2076 numeri
1249 2007 1327 2066 vices

242 2127 315 2169 suas
327 2119 526 2189 commutant,
546 2119 581 2170 ut
592 2110 668 2170 alter
680 2127 736 2187 pro
748 2109 842 2170 altero
854 2118 1004 2186 ponmur:
1024 2129 1155 2189 quorum
1169 2112 1228 2172 etsi
1241 2111 1328 2190 quis-

242 2232 304 2292 que
318 2231 374 2291 per
389 2233 422 2272 se
438 2214 569 2294 simplex
584 2223 649 2292 ost,
676 2221 778 2273 tamen
795 2203 853 2291 qui
871 2215 908 2272 ei
925 2212 1078 2274 orrtbobus
1098 2215 1252 2276 condatur
1267 2233 1328 2274 nu-

243 2336 365 2396 mernS,
384 2319 455 2396 quia
473 2336 575 2396 neque
591 2317 653 2396 hic,
679 2335 778 2395 neque
794 2316 854 2394 ille,
874 2315 929 2376 sed
945 2318 1172 2378 commutabilis
1187 2317 1325 2398 quidam,

243 2431 409 2501 utrumque
425 2423 455 2481 in
472 2440 506 2481 se
522 2419 800 2499 comprehendam,
826 2430 889 2498 est,
914 2439 974 2480 non
990 2432 1091 2499 potest
1105 2441 1162 2482 neo
1178 2421 1328 2502 simplici-

244 2523 319 2604 buS,
347 2543 449 2603 noque
469 2525 644 2604 compositis
660 2523 868 2584 adnumerari.
904 2525 938 2584 Hi
955 2535 1029 2586 sunt
1049 2525 1110 2605 pol
1123 2526 1328 2604 yschema-

242 2628 343 2688 tisti.
381 2626 482 2688 Altera
507 2629 662 2689 mixtionis
686 2629 760 2690 ratio
783 2636 845 2707 est,
872 2648 969 2707 quum
991 2629 1103 2690 diversi
1125 2632 1248 2690 numeri
1272 2645 1328 2690 noo

242 2729 347 2790 ordine
362 2731 534 2810 cohaerent,
555 2751 643 2811 quos,
664 2733 689 2792 si
705 2731 814 2816 sortior
822 2731 999 2794 debiliorem
1012 2732 1177 2814 praeeedit,
1198 2735 1246 2794 im
1257 2733 1327 2794 mi·-

243 2843 376 2912 nutoS,
407 2836 433 2896 si
462 2834 593 2895 debilior
620 2834 792 2913 fortiorem,
829 2846 1038 2897 concretos
1065 2856 1220 2899 vocamus
1257 2835 1327 2901 Vide

241 2934 345 3018 §§20.
367 2937 416 2996 at.

119 3220 122 3226 Ι
327 3139 444 3222 §dot
462 3135 593 3224 ¹Duplex
609 3145 762 3205 astatium
778 3148 1019 3227 compositio.
1047 3150 1092 3209 Fit
1107 3149 1188 3210 enim
1206 3159 1261 3212 aut
1276 3165 1327 3231 per

162 3281 165 3285 -
243 3247 545 3329 cohaerentiam,
576 3267 669 3330 quam
697 3240 879 3337 συνάφειαν
902 3251 1007 3312 Graeci
1034 3251 1158 3332 dicunt,
1189 3273 1271 3334 quae
1297 3255 1325 3312 in

242 3355 441 3412 commissura
465 3352 597 3415 duarum
614 3355 747 3434 partium
772 3355 847 3414 nihil
872 3355 936 3415 fieri
951 3357 1082 3435 potitur,
1109 3357 1194 3436 quod
1212 3377 1325 3440 perpe-

243 3456 382 3516 tuitatem
398 3459 543 3518 orationis
558 3459 779 3536 interrumpat3
799 3468 853 3519 out
874 3461 962 3520 sine
981 3459 1161 3539 vinculo,
1188 3463 1326 3541 quisunt

242 3561 482 3640 asynarteti,
516 3561 546 3621 in
570 3563 694 3641 quihus·
713 3573 745 3622 et
766 3563 942 3642 perpetuari
965 3563 1059 3622 oratio
1087 3572 1118 3623 et
1146 3563 1324 3642 interrumpi

242 3671 352 3740 potest.

327 3869 352 3949 δ
366 3867 445 3934 458.
472 3870 621 3950 Apertum
637 3883 699 3952 est,
720 3874 816 3936 multa
832 3894 938 3938 eorum
955 3885 1140 3949 metrorum,
1159 3873 1198 3938 de
1215 3875 1323 3958 quibus

243 3975 272 4034 in
289 3973 424 4036 secundo
439 3975 517 4036 libro
533 3975 650 4037 dietum
666 3987 729 4057 est,
749 3977 789 4038 ad
805 3980 898 4042 mixta
916 3990 947 4041 et
962 3982 1127 4060 composita
1145 3981 1252 4043 referri
1268 3983 1324 4044 de-

175 4069 177 4074 ’
244 4077 328 4138 bore.
355 4079 431 4140 Nam
444 4098 541 4159 quum
555 4078 593 4140 de
609 4080 715 4141 metris
730 4081 923 4162 simplicibus
935 4083 1098 4164 diceretur,
1119 4103 1198 4164 quae
1212 4105 1252 4146 ex
1267 4103 1323 4147 uno

241 4200 352 4260 genere
365 4184 486 4244 numeri
502 4192 652 4263 constant,
673 4184 738 4245 fieri
750 4204 811 4245 non
821 4195 950 4267 poterat,
966 4188 1040 4266 quin
1058 4187 1150 4248 simui
1161 4189 1323 4251 nonnullae

241 4289 333 4349 etiam
355 4288 477 4349 illarum
500 4288 664 4349 formarum
688 4300 1014 4371 commemorarentur,
1041 4292 1203 4372 inquibus
1226 4295 1322 4373 aliqua
