2930 4962
510 393 545 434 DE
561 389 694 434 VERSIBVS
710 389 849 434 GRBTIGiS.
1181 376 1222 435 69

129 542 266 624 Adelph.
285 545 333 605 lv.
357 545 383 622 t,
404 547 449 624 2.,
475 547 516 608 ita
539 544 572 607 id
593 544 727 624 faciunt,
754 553 790 606 ut
808 561 865 622 per
879 545 1014 624 vulgaris
1036 549 1222 628 pronuntia-

129 647 226 708 tionis
255 647 488 729 ambiguitatem
520 647 681 711 delitescat
710 666 872 710 mensurae
902 649 1049 730 pravitas.
1097 649 1222 714 Plautus

131 751 225 830 Capt.
245 751 281 812 11.
299 752 328 831 t,
342 752 393 812 tt.

223 869 277 935 adt
289 872 399 935 solutes
413 873 511 951 siout,
530 874 604 954 quos
619 879 743 954 aspecto
759 873 872 934 emerit.

132 990 217 1056 Rud.
237 992 259 1053 1.
280 991 438 1072 5,15.tt.

221 1113 339 1196 quotue
354 1114 464 1176 nicom
478 1115 495 1176 e'
509 1115 592 1175 mori
604 1111 838 1191 ambutemus,
858 1121 885 1176 te
900 1113 1029 1176 obsecro.

222 1213 256 1278 rit
270 1221 319 1278 tuo
334 1217 466 1298 receptos
481 1216 564 1296 teoto,
583 1218 743 1298 scutoque
757 1234 821 1278 nos.

131 1335 199 1398 Nisi
214 1335 340 1417 scripsit
355 1314 392 1400 ὄπ’
402 1345 457 1400 tuo
470 1343 504 1398 ut
519 1337 649 1418 recipias
666 1343 754 1398 tectu

220 1573 339 1660 §M
365 1580 467 1652 Quum
480 1576 544 1640 iere
555 1583 732 1640 tetrametro
743 1578 774 1638 hi
790 1586 927 1656 utantur,
943 1598 1036 1659 saepe
1050 1599 1174 1642 versum
1190 1581 1221 1641 in

135 1681 214 1744 duas
226 1681 373 1760 aequales
388 1689 492 1762 partes
503 1680 639 1744 divisum
654 1690 865 1762 asynartetum
882 1683 1030 1745 iecerunt.
1057 1684 1177 1746 Ennius
1192 1685 1224 1744 in

136 1783 352 1847 Andromacha
363 1805 369 1845 ε

222 1905 296 1988 quid
305 1913 409 1986 petum
421 1904 560 1986 prodsidi
572 1912 627 1966 out
641 1906 806 1987 emacem,
827 1909 922 1988 quove
936 1927 1017 1972 otcoc

224 2007 277 2071 nsit
291 2007 412 2070 cnsilio
428 2005 599 2070 ‹insili-adt
612 2003 689 2089 supa
703 2003 784 2086 freto
799 2011 882 2071 sim?

220 2245 338 2332 52⁰8.
364 2249 503 2328 Plautus,
528 2250 582 2330 qui
599 2267 709 2312 versus
724 2250 859 2314 Creticos
881 2271 974 2332 saepe
996 2253 1064 2316 aliis
1084 2258 1222 2318 numersi

136 2353 334 2434 intermiscet,
353 2354 385 2416 in
401 2354 527 2416 canticis
539 2351 729 2434 quibusdam
744 2363 776 2416 et
786 2354 943 2436 diverbiis,
962 2355 1122 2438 inquibus
1137 2360 1223 2420 anti-

135 2456 322 2536 strophicam
338 2455 568 2538 dispositionem
584 2455 874 2538 animadvertimus,
893 2477 955 2522 non
971 2459 1061 2522 modo
1075 2459 1223 2524 dimetros

134 2558 293 2622 interdum
307 2562 428 2642 posuit,
447 2558 504 2622 sed
518 2547 643 2639 saepius
658 2560 751 2622 otiam
767 2569 959 2624 tetrametros
975 2563 1173 2643 catalecticos,
1192 2573 1224 2626 et

134 2664 166 2728 id
181 2664 311 2746 quidem
326 2672 477 2745 quantum
499 2662 627 2726 iudicari
649 2665 681 2724 in
700 2673 784 2726 tanta
807 2675 973 2745 apparatus
993 2667 1092 2746 inopia
1108 2675 1220 2746 potest,

133 2770 224 2832 tertio
240 2767 321 2848 pede
335 2767 475 2831 ultimam
492 2767 625 2830 habente
640 2767 820 2848 ancipitem,
847 2777 956 2848 quarto
971 2778 1075 2832 autem
1091 2769 1223 2833 solutio-

134 2893 208 2936 nem
224 2891 329 2936 arseos
345 2869 535 2934 admittente.
570 2872 614 2934 lta
629 2871 661 2933 in
677 2869 856 2934 Trinummo
872 2873 906 2933 11.
929 2874 957 2953 i,
970 2876 1019 2936 ⁴7.

223 2993 266 3056 do
282 2993 356 3054 miti
370 2991 433 3070 hoc,
451 2991 509 3054 md
523 3009 631 3068 meum,
650 2993 737 3056 ome
753 3010 848 3072 omos,
867 2995 896 3056 si
909 2992 1016 3056 otidis:

142 3109 147 3124 ·
222 3095 266 3158 iti
281 3103 343 3158 tum
358 3094 409 3156 ille
423 3093 566 3157 coctiles:
584 3094 660 3171 hem,
679 3096 790 3158 -ocdllc
806 3098 857 3172 mi,
875 3095 950 3176 liat:

223 3199 350 3274 tttstuc,
369 3197 440 3260 etsi
454 3196 583 3279 simplius
596 3199 643 3264 vis
658 3197 739 3276 dari,
759 3199 891 3262 debitor.

224 3299 453 3384 torpescentes
467 3299 559 3379 ferit:
577 3303 639 3364 tom
655 3303 896 3384 ‹implius-drot:

223 3409 282 3470 oon
296 3406 369 3468 sotis
386 3405 419 3466 id
433 3407 477 3468 ts!
490 3405 573 3482 moli,
592 3406 627 3466 oi
640 3405 786 3486 ‹impliust
800 3406 903 3482 etam,

223 3508 302 3594 qood
316 3507 398 3585 batto,
416 3506 495 3587 quod
509 3514 626 3583 comest,
646 3507 726 3589 qood
737 3506 815 3588 facit
827 3505 948 3588 stotpti.

223 3615 287 3675 ode
302 3611 412 3673 datur:
429 3609 552 3672 ducitur
564 3610 688 3691 ldmilio
704 3611 774 3677 toto.

138 3731 222 3796 idem
239 3741 372 3796 metrum
387 3732 528 3794 iunctum
542 3729 615 3792 alibi
630 3731 815 3792 tetrametris
830 3731 1012 3794 acatalectis.

223 3969 340 4056 5209.
377 3974 481 4036 lunxit
501 3972 627 4036 Plautus
653 3972 745 4036 etiarn
772 3973 959 4036 trochaicum
997 3982 1221 4038 monometrum

140 4079 417 4159 hypercatalectum
433 4077 569 4155 Creticis,
589 4074 760 4156 etquidem
776 4096 859 4140 nunc
873 4078 925 4159 ite,
944 4087 979 4141 ut
994 4077 1044 4142 vel
1057 4095 1155 4138 unum
1171 4075 1222 4139 vel

141 4181 244 4264 piures
264 4179 441 4244 huiusmodi
457 4179 624 4242 versiculos
639 4179 766 4244 Creticis
787 4179 986 4260 admisceret,
1011 4181 1216 4262 nuncetiam,
