2896 4960
274 361 336 422 114
654 378 710 420 nra.
731 379 764 422 rr.
790 378 852 422 uae.
871 377 970 422 uuir.

275 529 338 595 Sed
359 532 385 592 si
400 531 515 593 Graeee
529 540 577 594 est
591 550 627 593 sa
642 551 721 610 vox,
747 530 909 612 pmbatur,
935 538 971 594 ut
984 532 1109 610 saepius
1123 528 1210 611 apud
1223 530 1341 608 Proper-

273 635 362 696 tium.
393 635 537 716 Optimus
551 643 600 705 est
614 653 723 696 versus
738 632 890 713 hisyllabo
905 632 1053 696 vocabulo
1067 635 1266 711 terminatus,
1290 651 1342 711 pt-

274 735 350 799 dum
366 738 426 799 line
440 738 473 798 in
488 737 606 800 medias
620 755 711 799 voees
726 736 897 800 incidente:

358 878 408 922 res
424 866 468 922 est
481 859 603 921 solliciti
611 859 703 941 pleno
717 860 833 922 amoro
848 877 944 920 amm,

358 970 393 1026 nt
405 981 475 1027 reor
489 982 511 1025 u
524 961 617 1042 focae,
639 961 792 1044 Calliopea
806 959 877 1042 suit.

274 1081 375 1154 Quare
391 1083 495 1144 minus
509 1083 631 1164 elegans
645 1081 696 1144 hio
709 1091 774 1144 est:

358 1204 417 1266 vi'ao
432 1204 572 1269 Priamus
587 1204 665 1266 tenti
679 1210 798 1284 totoque
814 1204 903 1269 Troio
915 1201 985 1284 suit

358 1406 474 1490 5340.
507 1409 651 1473 Vltimam
671 1408 836 1491 syllabam,
862 1410 889 1470 si
908 1418 1018 1472 natura
1033 1408 1137 1471 brevis
1152 1418 1217 1489 est,
1243 1425 1343 1468 eouso·

272 1523 365 1576 naute
380 1514 538 1576 terminari
558 1521 682 1592 curant,
709 1514 781 1593 quia
796 1514 841 1574 sic
861 1512 981 1575 facilius
1003 1512 1131 1594 produci
1145 1520 1259 1592 potest.
1291 1511 1343 1570 Non

273 1627 321 1680 est
335 1617 458 1697 elegans
473 1617 571 1680 vooali
585 1616 673 1680 brevi
688 1617 858 1680 terminata.
889 1616 998 1679 Catull.
1019 1617 1131 1680 LXVII.
1152 1617 1183 1678 2.

359 1738 452 1818 salve,
472 1745 556 1820 teque
571 1736 647 1802 bono
662 1738 796 1829 Iuppiter
812 1743 909 1818 audet
922 1756 986 1819 ope.

273 1857 348 1925 viae
363 1878 393 1918 v.
410 1862 439 1922 o.
457 1858 507 1918 to.
527 1857 653 1922 uxuu.
670 1856 720 1920 to.
740 1859 858 1920 Lxxx.
876 1857 905 1918 2.
925 1859 1000 1922 xur.
1017 1858 1046 1920 t.
1073 1857 1187 1932 amun.
1207 1857 1231 1918 r.
1250 1857 1279 1936 a,
1298 1851 1340 1914 ot.

275 1964 304 2042 5,
325 1964 375 2024 oo.
396 1963 425 2040 ε,
447 1962 495 2021 m.
516 1964 546 2040 o,
567 1963 617 2022 ts.
636 1961 685 2022 vel
1411 1963 1412 1966 ‘

359 2083 440 2144 scitis
455 2089 483 2144 et
498 2083 529 2142 in
544 2101 601 2163 quo
616 2100 662 2143 me
677 2083 827 2146 corruerit
840 2101 958 2164 penore,

274 2202 384 2266 Catali.
405 2203 530 2264 valss,
550 2205 600 2266 tt.
634 2200 710 2265 Vide
729 2197 911 2266 Lxxxvtu.
932 2205 961 2262 8.
995 2201 1068 2266 cvi.
1087 2197 1116 2262 2'.
1150 2201 1216 2266 CX.
1238 2203 1266 2262 6.
1298 2195 1343 2255 ri-

273 2305 350 2367 bull.
369 2305 391 2366 l.
414 2307 463 2385 l0,
485 2305 534 2366 ll.
559 2305 692 2384 Propert.
712 2306 734 2366 1.
756 2308 805 2385 tt,
825 2308 877 2368 30.
1412 2253 1413 2312 ¹

359 2511 383 2594 ἐ
397 2509 475 2578 341.
509 2512 592 2576 Solet
606 2511 656 2574 hio
670 2523 789 2574 versus·
795 2512 971 2576 hexametro
986 2512 1105 2574 heroico
1120 2511 1246 2574 subiici:
1272 2501 1342 2588 quod

274 2616 522 2696 antiquissimum
548 2624 597 2678 est
621 2617 816 2696 stropharum
842 2635 950 2697 genus.
991 2617 1106 2678 Nomen
1132 2617 1161 2676 ei
1187 2616 1338 2694 elegorum·
1413 2613 1414 2678 l

274 2721 377 2784 Semel
398 2729 582 2801 usmpatum
604 2729 653 2782 est
673 2721 705 2782 iu
727 2718 894 2802 tragoedia,
927 2719 1012 2802 apud
1034 2721 1140 2800 Eruip.
1159 2715 1296 2781 Androm
1314 2731 1337 2771 v.

276 2825 348 2885 403.
367 2840 454 2904 seqq.

359 3024 481 3109 §342
521 3029 645 3109 Propter
670 3029 884 3114 aequalitatem
911 3029 1120 3093 membrorum
1145 3048 1208 3092 non
1233 3035 1280 3089 est
1303 3019 1337 3082 hit

274 3149 384 3195 versus
406 3132 489 3210 tolie,
516 3134 570 3213 qui
592 3134 676 3196 solus
696 3134 820 3212 saepius
842 3134 938 3214 repeti
959 3135 1065 3214 possit.
1098 3133 1204 3214 Neque
1225 3134 1281 3194 hoo
1300 3127 1339 3188 ia-

275 3243 376 3316 ctum,
406 3236 465 3298 nisi
487 3237 520 3296 iu
534 3235 663 3320 Philippi
684 3237 963 3298 Thessalonicensis
988 3238 1082 3318 epigr.
1109 3239 1137 3298 t.
1162 3239 1195 3300 in
1218 3228 1335 3298 Brunck·

274 3337 362 3402 Anal.
389 3342 424 3401 T.
442 3341 477 3400 ll.
502 3359 534 3421 p.
555 3340 627 3404 242.
652 3358 677 3402 s,
703 3338 795 3402 anth.
814 3339 875 3403 Pal.
900 3341 976 3402 xlii.
1003 3339 1025 3403 Ι.
1051 3349 1082 3400 et
1106 3342 1139 3402 in
1163 3339 1214 3401 illo
1241 3326 1339 3412 Virgilii

273 3441 355 3526 lusu,
373 3443 417 3506 sic
431 3463 484 3507 oos
498 3463 556 3509 oon
571 3442 664 3508 vobis

660 3651 967 3662 man-n·-

655 3829 766 3899 cAP.
783 3831 970 3900 xxvm„

548 3976 606 4050 De
633 3982 836 4054 versibus
862 3980 1068 4054 Aeoliois.

345 4151 382 4231 ,ὅ
396 4147 474 4216 343.
501 4151 614 4213 Versus
630 4148 815 4214 Aeolicus
831 4153 946 4216 metrioi
961 4151 1069 4216 dieunt
1082 4172 1123 4217 en
1135 4151 1221 4234 puris
1236 4146 1334 4218 dacll‘

273 4255 320 4334 lis,
339 4265 461 4333 praeter
474 4254 640 4334 cotelerio,
665 4258 820 4336 componi,
844 4258 977 4336 primurn
993 4265 1096 4321 autem
1111 4257 1221 4336 pedem
1235 4248 1334 4316 hahere
