2922 4948
658 343 713 385 Llll.
731 344 776 386 111.
802 344 865 386 oll’.
880 343 920 386 xl.

679 555 791 624 OAP.
806 555 878 624 xl.

422 719 431 732 “
497 709 555 779 De
582 708 780 780 numeris
807 707 1048 778 concretis.

317 877 431 961 5533.
465 880 512 940 Ex
540 879 720 940 numeris
749 879 963 958 concretis,
994 877 1172 958 dequibus
1198 877 1313 942 dictum

231 983 267 1068 δῇ
277 984 312 1046 24
330 986 442 1046 ettae.
458 983 521 1044 duo
531 983 726 1061 potissimum
737 999 849 1061 genera
861 980 995 1043 notanda
1007 992 1091 1062 sunt,
1108 1001 1218 1061 unum,
1234 983 1313 1062 quod

230 1109 248 1149 c
264 1087 413 1167 dactylico
429 1104 540 1166 genere
558 1085 600 1147 ad
614 1087 795 1167 paeonicum
811 1095 949 1165 augetur,
968 1085 1097 1147 alterum
1115 1085 1200 1165 quod
1215 1107 1233 1147 e
1248 1096 1314 1149 tro-
1427 1123 1428 1132 κ

232 1193 334 1254 chalco
350 1190 390 1252 ad
406 1189 616 1272 spondiacum.
651 1190 685 1249 ln
707 1191 755 1250 his
778 1189 883 1252 metris
898 1190 1044 1269 quoniam
1065 1189 1179 1252 diversi
1195 1192 1314 1251 numeri
1427 1181 1428 1190 ’

230 1315 292 1357 unu
304 1295 409 1358 ordine
419 1293 574 1375 periodioo
586 1294 760 1373 cohaerent,
771 1295 922 1374 posterior
932 1303 1035 1356 autem
1048 1294 1144 1354 maior
1155 1295 1311 1374 estpriori,

230 1401 311 1460 arsin
335 1399 510 1481 posterioris
530 1396 683 1458 fortiorem
706 1415 774 1458 esse
794 1415 922 1458 necesse
942 1406 1004 1477 est,
1031 1405 1067 1458 ut
1082 1415 1161 1477 quae
1183 1416 1262 1460 nova
1284 1399 1314 1459 vi
1428 1387 1429 1400 ἢ

230 1502 334 1582 augeri
343 1500 455 1562 debeat
466 1499 507 1562 ad
518 1499 743 1580 procreandum
755 1499 904 1581 ordinem,
916 1499 968 1582 qui
983 1501 1077 1561 maior
1088 1508 1136 1562 est
1146 1520 1183 1562 eo
1194 1501 1310 1580 ordine,

230 1623 323 1685 quem
339 1604 452 1686 alioqui
467 1603 655 1684 productura
671 1613 762 1665 esset.

315 1809 431 1893 5534.
458 1812 497 1874 Et
515 1811 566 1872 illo
581 1811 706 1892 quidem
723 1831 848 1892 genere,
868 1811 951 1893 quod
968 1833 1006 1874 ox
1023 1811 1172 1894 dactylico
1187 1814 1220 1874 in
1235 1833 1314 1893 pac-

230 1919 351 1980 onicum
365 1917 483 1996 transit,
503 1917 606 1996 tragici
619 1918 812 1996 potissimum
829 1918 878 1980 usi
893 1925 975 1995 sunt,
992 1916 1157 1996 dactylicos
1169 1937 1313 1979 numeros

228 2025 270 2085 ita
286 2023 443 2084 linientes:
535 2012 538 2018 ’

312 2141 510 2190 ,Ξυυέυυυ-
875 2192 876 2195 ¹

228 2248 350 2310 Illustre
362 2247 550 2327 exemplum,
569 2247 600 2307 in
613 2263 674 2326 quo
685 2247 761 2307 haec
773 2245 912 2324 dactylici
925 2247 1013 2306 metri
1026 2245 1120 2306 forma
1138 2266 1208 2308 cum
1220 2267 1313 2311 versu

228 2353 418 2432 paroemiaoo
434 2351 579 2430 alternat,
600 2359 647 2411 cst
661 2351 692 2410 in
709 2348 827 2428 Oedipo
842 2349 906 2410 Col.
926 2351 998 2409 alo.

318 2469 368 2534 ΟΙ.
385 2461 413 2534 δ’
433 2491 493 2552 μοι
515 2462 588 2554 ἐγώ,
611 2463 648 2533 τί
668 2462 786 2548 πάθω,
809 2463 939 2547 clavom
966 2461 1016 2531 tal.

356 2577 400 2638 A.
422 2566 499 2659 ley’,
522 2567 663 2659 ἐπείπερ
685 2564 738 2636 ἐπ’
760 2565 883 2652 ἔσχατα
904 2565 1041 2654 βαίνεις.

316 2669 461 2748 01.less
484 2673 565 2762 ἐρῶ·
589 2670 627 2741 οὗ
648 2671 710 2762 γὰρ
731 2669 795 2757 δ’χω
816 2668 1041 2762 κατακραφάν.

356 2775 399 2845 Χ.
414 2777 526 2868 μακρὰ
547 2776 722 2862 μέλλετον·
745 2773 831 2843 ἀλλὰ
851 2773 998 2858 τάχυνον.

315 2884 374 2948 Ol.
398 2880 514 2947 Λαΐου
534 2875 607 2948 ἴστε
628 2875 701 2963 τίν’,
717 2887 761 2946 Χ.
782 2874 821 2946 d.
848 2882 903 2946 01.
920 2873 1087 2966 ἀπόγονον
1094 2905 1104 2959 ;
1145 2921 1149 2928 ·

355 2981 394 3050 τό
416 3009 453 3050 τε
474 2984 701 3069 Λαβδακιδᾶν
723 2981 836 3074 γένος
860 2988 903 3048 Χ.
927 2973 954 3048 ὦ
977 2988 1055 3049 Ζεῦ.
1130 2969 1140 2987 ’

315 3091 370 3155 ΟΙ.
397 3080 521 3154 ἄθλιον
545 3080 820 3168 οἰδιπδδαα;,Χ.
843 3084 881 3154 αδ
904 3084 965 3175 γὰρ
988 3084 1038 3154 ὅδ’
1063 3080 1110 3171 εἷς

358 3193 414 3258 Ol.
436 3189 512 3268 δέος
532 3183 641 3273 ἴσχετε
662 3189 766 3279 μηδὲν
788 3185 838 3258 h'o’
863 3185 966 3257 αὐδῶ.

226 3317 274 3379 Ad
295 3289 366 3379 eum
388 3317 489 3378 locum
511 3317 547 3378 G.
567 3314 743 3379 Dindorlius
767 3335 952 3396 magnopere
974 3335 1077 3378 errare
1099 3320 1159 3398 ait,
1186 3321 1239 3398 qui
1256 3321 1310 3382 hoo

225 3431 357 3484 metrum
380 3423 421 3482 ita
441 3422 486 3482 uti
503 3418 565 3482 dixi
589 3421 772 3482 metiantur:
798 3438 869 3480 nam
885 3439 924 3480 ex
939 3421 1075 3482 trimetro
1091 3421 1308 3484 catalecticum

224 3525 376 3605 syllabam
392 3533 423 3586 et
436 3543 554 3604 paeone
569 3533 679 3604 quarto
693 3524 894 3604 compositum
910 3541 979 3584 esse
994 3543 1030 3585 eo
1044 3527 1201 3606 cognosci,
1226 3526 1308 3606 quod

183 3672 185 3678 ·
224 3637 255 3690 et
269 3627 434 3708 Sophocles
461 3636 492 3689 et
517 3627 572 3707 qui
597 3628 751 3709 integrum
777 3627 834 3688 hoc
860 3637 957 3689 metro
983 3646 1107 3688 carmen
1137 3629 1308 3692 condiderit

225 3730 368 3792 Boethius
395 3750 554 3793 caesuram
585 3730 746 3812 diligenter
771 3740 843 3793 ante
868 3749 1018 3810 paeonem
1044 3733 1214 3814 servarint,
1248 3753 1306 3814 qua

224 3835 360 3914 neglecta
371 3837 538 3897 Maximum
549 3835 718 3897 Planudem
731 3837 763 3895 in
779 3836 1027 3914 interpretatione
1039 3835 1152 3897 Graeca
1166 3839 1307 3898 carminis

182 3951 185 3956 ·
223 3937 380 3999 Boethiani
402 3936 492 3999 valde
516 3938 665 3999 minuisse
693 3938 813 4000 numeri
833 3938 1038 4001 venustatem.
1079 3940 1233 4004 Persuasit
1252 3942 1306 4002 hoc

213 4028 390 4129 'Wundero
410 4040 485 4102 Aliis
492 4060 601 4103 vereor
612 4059 650 4100 ne
663 4060 724 4102 non
736 4042 836 4104 solum
849 4045 926 4106 mira
937 4059 1016 4122 esse,
1029 4041 1086 4105 sed
1097 4046 1303 4125 etiamparum

223 4145 310 4206 firmo
322 4145 525 4207 fundamento
537 4145 591 4205 niti
600 4144 742 4206 videatur
752 4146 827 4207 haec
838 4146 977 4226 dactylici
990 4147 1154 4208 catalectici
1167 4149 1303 4228 etquarti

221 4250 347 4326 paeonis
360 4251 542 4311 coniunctio.
569 4251 644 4311 Nam
662 4251 692 4310 in
706 4249 851 4310 tredecim
868 4249 927 4310 illis
939 4251 1053 4310 Boethii
1066 4251 1208 4314 versibus
1224 4271 1304 4313 uuus
