2922 4948
544 367 728 410 hemorrois
746 367 874 410 sourrrs.
1188 348 1245 412 261

159 519 311 584 eiusmodi
332 528 396 599 est,
422 527 458 584 ut
479 518 695 602 respondentia
718 521 760 582 ab
781 539 842 582 non
858 520 1117 602 respondentibus
1132 523 1251 604 possint
1368 549 1371 556 ·

162 622 356 705 interpellata
373 623 479 687 videri.
505 622 592 686 Vnde
608 625 731 687 omnino
746 623 1005 706 interpellationes
1020 625 1052 686 in
1068 643 1250 708 paromoeo-

158 725 295 808 strophis
309 725 525 790 usitatissimae
542 735 626 791 sunt.

247 964 363 1049 5721.
397 967 464 1030 Non
484 967 607 1034 videtur
628 977 733 1032 autem
755 969 962 1034 dubitandum
984 990 1069 1052 esse,
1094 974 1169 1053 quin
1191 973 1249 1036 hae

160 1073 377 1154 responsiones
399 1071 490 1134 eertis
511 1071 688 1135 harmoniae
711 1072 933 1155 modorumque
958 1075 1249 1139 conformationibus

158 1185 191 1240 et
213 1174 435 1239 mutationibus
456 1174 497 1237 ab
518 1175 573 1254 iis,
599 1195 679 1257 quae
701 1175 761 1238 sibi
783 1195 844 1238 non
860 1176 1062 1259 respondent,
1086 1178 1248 1241 distinctae

159 1279 290 1358 inerint,
309 1281 351 1342 ita
372 1288 408 1342 ut
427 1279 565 1342 transitio
580 1279 621 1340 ab
635 1279 730 1341 altero
745 1297 856 1360 genere
871 1279 912 1342 ed
932 1281 1063 1343 alterum
1082 1281 1164 1344 ultro
1179 1300 1247 1343 seso

158 1382 304 1447 debuerit
323 1381 453 1446 eurihus
474 1381 648 1445 obtrudere.
681 1381 744 1446 Sed
764 1381 871 1446 modos
883 1384 1057 1472 'carminum
1073 1403 1170 1464 quum
1185 1403 1247 1446 non

44 1481 47 1488 ’
158 1485 347 1566 habeamus,
374 1485 449 1548 nihil
470 1484 559 1547 nobis
581 1483 687 1566 hodie,
713 1505 807 1567 quam
830 1495 996 1550 metrorum
1016 1487 1183 1551 similitudo
1199 1488 1248 1549 vel

158 1587 387 1669 dissimilitudo,
406 1588 489 1652 unde
504 1590 711 1652 oonieoturam
727 1589 885 1670 iaciamus,
905 1591 1059 1670 reliquum
1074 1599 1132 1654 est.
1158 1591 1247 1665 Quod

158 1702 289 1776 apparet
308 1711 402 1775 quam
422 1693 463 1756 sit
484 1691 683 1773 ambiguum,
710 1691 765 1755 uhi
788 1692 897 1755 eadem
918 1702 1015 1756 metra
1038 1711 1131 1777 saepe
1152 1713 1245 1778 repe-

157 1801 277 1860 turbu,

245 2032 361 2118 §⁵122
395 2037 515 2118 insigne
535 2037 728 2120 exemplum,
753 2039 785 2098 in
809 2057 871 2118 quo
893 2038 1077 2119 plerumque
1092 2040 1175 2102 initia
1192 2061 1247 2104 re-

159 2143 356 2224 sponsionem
370 2142 536 2219 oontinent,
563 2149 664 2203 exstat
678 2140 763 2223 apud
778 2138 964 2220 Aeschylum
980 2143 1011 2203 in
1027 2144 1110 2224 Sept.
1131 2142 1171 2206 ad
1187 2145 1241 2206 Th.

158 2265 176 2307 a
200 2265 231 2308 v.
252 2244 302 2306 78.
329 2263 368 2306 ex
387 2263 449 2326 quo
471 2245 621 2325 carmine,
647 2245 735 2306 ouius
756 2251 909 2325 postrema
933 2263 1006 2326 pars
1028 2247 1245 2327 antistrophiea

158 2355 222 2428 est,
246 2348 302 2410 has
324 2356 445 2410 tantum
467 2355 529 2408 tres
552 2348 693 2430 strophas
714 2366 753 2408 ex
775 2347 827 2427 iis,
858 2366 937 2428 quae
957 2350 1244 2431 paromoeostrophe

158 2460 242 2531 sunt,
261 2451 354 2513 allero
371 2453 471 2514 visum
486 2457 549 2511 est:

245 2578 387 2667 ἀκούετ’,
409 2577 431 2674 ἢ
453 2579 513 2649 οὖν
535 2575 664 2650 ἀκούετ’
687 2577 842 2650 ἀσπίδων
863 2581 1008 2665 κτύπον,
1095 2605 1163 2672 στρ.
1186 2581 1222 2671 ζ.

288 2685 457 2756 πέπλων
478 2684 549 2753 καὶ
570 2683 776 2778 στεφέων·
845 2768 848 2776 ¹

287 2785 447 2873 πότ’,σλ
467 2787 519 2879 μὴ
541 2787 609 2856 νδν
631 2783 738 2882 ἀμφὶ
759 2786 887 2858 λιτάν’
911 2789 1070 2876 ἕξομεν,

244 2892 372 2961 κτύπον
393 2891 551 2981 δέδορκα·
574 2890 725 2982 πάταγος
744 2889 806 2978 οὐχ
827 2888 901 2974 ἑνὸς
923 2891 1031 2982 δορός.
1091 2918 1159 2983 στρ.
1183 2893 1221 2983 η’.

287 2993 329 3064 τί
349 2995 504 3084 ῥέξεις,
525 2994 788 3086 προδώσεις,

287 3095 543 3183 παλαίχθων
564 3096 699 3188 Ἄρης,
721 3098 791 3167 τὰν
813 3097 910 3167 τεὰν
932 3105 1022 3187 γᾶν,

244 3193 271 3268 ὦ
293 3200 506 3293 χρυσοπήληξ
526 3204 658 3287 δαῖμον,
681 3197 783 3285 ἔπιδ’,
808 3199 905 3270 ἔπιδε
928 3198 1039 3284 πόλιν,
1084 3225 1152 3290 στρ.
1174 3203 1221 3270 δ’.

287 3301 336 3374 d'o
361 3301 451 3373 ποτ’
473 3298 706 3397 εὐφιλήταν
729 3301 839 3371 ἔθου.

243 3565 360 3650 §723-
393 3567 485 3632 Aliud
506 3569 625 3632 illustre
645 3567 836 3649 exemplum,
861 3567 893 3628 in
913 3584 975 3646 quo
995 3567 1154 3648 strophae,
1179 3585 1243 3628 nu-

156 3675 250 3738 meris
264 3675 448 3756 plerumque
462 3671 595 3751 similes,
621 3673 706 3734 exitu
726 3669 786 3732 sibi
803 3667 1004 3752 respondent,
1031 3671 1085 3751 qui
1101 3672 1136 3732 lit
1150 3688 1243 3733 versu

156 3777 349 3856 dochmiaoo,
374 3778 424 3840 his
438 3777 530 3838 etiam
545 3774 623 3855 pede
639 3773 770 3854 Cretico,
789 3771 918 3854 praebet
932 3791 1073 3854 cannen,
1097 3772 1181 3855 quod
1196 3780 1243 3835 est

157 3883 188 3942 in
205 3881 376 3943 Phoenissis
394 3878 572 3942 tos-492.

243 4135 359 4220 9724.
392 4139 426 4200 ln
441 4135 567 4200 liecuba
588 4157 606 4199 a
628 4157 658 4200 v.
682 4137 772 4199 tuos.
792 4156 915 4199 carmen
935 4147 982 4200 est
996 4144 1242 4219 paromoeostro-

157 4241 272 4328 phum,
298 4242 411 4329 partim
433 4259 472 4306 ex
488 4242 679 4327 anapaestis,
704 4241 817 4322 partim
839 4239 1042 4306 exdoohmiis
1057 4240 1156 4323 etqui
1171 4257 1242 4304 eum
