2896 4960
477 355 512 397 ne
528 353 660 396 rnnsrrrs
676 354 864 396 nocnnncrs.
1181 337 1220 397 85

218 507 340 589 5249.
380 511 477 590 Saepe
498 510 589 570 etiarn
613 505 745 570 dimeter
766 515 798 568 ct
819 509 956 569 trimeter
979 507 1127 572 iambicus
1151 528 1220 570 curn

125 615 281 676 dochmiis
304 613 480 691 copulatur,
507 629 590 673 nunc
612 621 647 673 ut
668 612 829 672 cohaereat
850 631 920 672 curn
942 612 978 671 iis
1002 631 1063 674 uno
1079 631 1217 692 numero,

125 737 216 780 nunc
231 726 342 778 utnon
358 716 528 778 cohaereat.
555 715 704 794 Exempla
716 714 804 776 dedit
814 712 971 776 Seidlerus
986 735 1017 794 p.
1033 716 1103 776 tto.
1116 733 1217 797 soqq.,

126 844 144 884 e
168 821 289 902 quibus
312 828 415 880 nmen
438 817 638 881 eximendum
661 817 800 898 videtur,
826 817 911 898 quod
931 818 1035 880 attrdit
1055 840 1095 880 ex
1111 821 1217 903 Eurip.

127 927 184 988 Or.
208 926 279 985 t82.
300 926 374 984 205.
463 981 465 986 .

216 1153 339 1238 5250.
380 1157 439 1230 Qui
462 1157 494 1216 in
516 1155 622 1236 Eurip.
642 1157 694 1219 Or.
717 1159 787 1218 tto.
810 1157 881 1217 ⁴53.
905 1157 1017 1218 insoliti
1040 1157 1222 1236 legebantur

125 1281 253 1324 numen
264 1282 270 1321 :

216 1380 308 1464 σῖγα,
331 1377 409 1462 σῖγα
432 1371 554 1442 λεπτὸν
576 1369 666 1458 ἴχνος
688 1369 839 1465 ἀρβύλης.

216 1485 294 1558 πῶς
315 1475 403 1563 ἔχει,-
424 1474 523 1565 λόγου
544 1478 698 1561 μετάδος,
721 1469 749 1544 ὦ
771 1474 868 1568 φίλα,

129 1616 283 1686 correctos
305 1603 378 1666 dedi
401 1595 494 1685 σίγα·
517 1601 595 1686 σῖγα
618 1613 649 1665 et
670 1594 770 1686 λόγου
793 1604 867 1678 πῶς
889 1597 958 1684 ἔχει
978 1607 1150 1672 scribendo.

215 1843 333 1929 §M
366 1843 411 1907 Ac
432 1845 554 1908 videtur
573 1846 665 1906 etiam
687 1865 749 1908 una
770 1848 848 1908 arsis
863 1848 948 1910 nuda
964 1849 1105 1912 dochmio
1124 1873 1220 1934 prae-
1287 1881 1289 1888 ·

134 1955 225 2014 mitti:

218 2065 273 2118 ,[’ῦ
288 2069 311 2116 L
340 2069 364 2116 .’.
379 2065 427 2115 ΟΔ

240 2107 245 2278 t
274 2207 326 2238 w
372 2069 376 2275 Ι
419 2154 422 2160 ·

128 2316 235 2395 Eurip.
256 2313 368 2374 Phoen.
390 2314 462 2373 330.
482 2330 529 2392 sq.
549 2309 598 2373 ed.
619 2313 716 2393 Pers,
736 2315 762 2374 si
781 2335 854 2377 sana
872 2325 919 2376 est
933 2317 1008 2378 haec
1024 2322 1192 2398 scriptura:

214 2421 234 2520 ἦ
258 2425 424 2506 ποθεινὸς
445 2423 570 2516 φίλοις,

214 2523 234 2624 ἦ
258 2527 424 2611 ποθεινὸς
448 2527 588 2620 Θήβαις.

126 2659 204 2722 Vide
220 2676 316 2740 supra
332 2655 350 2740 §
367 2659 439 2718 2t8.
459 2665 491 2718 et
506 2657 585 2720 inira
599 2655 636 2744 ἕξ
653 2659 725 2720 261.
747 2660 818 2720 269.

214 2888 330 2973 5252.
364 2893 437 2953 hlira
458 2893 636 2973 compositio
651 2901 699 2954 est
713 2893 845 2956 trochaei
868 2897 961 2958 unius
977 2917 1046 2959 cunr
1064 2898 1213 2979 dochmio,

127 3017 208 3080 quae
229 2997 287 3059 etsi
310 2994 404 3056 videri
428 3003 529 3076 potest
549 2996 633 3058 hunc
654 3015 837 3078 numerum,
864 3001 918 3079 qui
940 3001 1148 3063 achoriamho
1164 3004 1218 3064 in-

127 3103 229 3183 cipiat,
249 3098 415 3182 praehere:

214 3219 311 3268 έυυ-
324 3217 329 3303 l
342 3217 366 3265 L
379 3217 383 3302 J
396 3217 445 3265 υ.’

128 3353 231 3404 tannen
247 3342 339 3402 nimis
355 3342 405 3404 ille
421 3350 573 3420 repugnat
586 3342 758 3422 analogiae,
785 3364 878 3424 quarn
898 3347 1112 3424 antispastioae
1127 3330 1234 3408 com-'

127 3447 293 3527 positiones
320 3444 556 3522 commendant,
586 3465 680 3526 quam
707 3456 827 3510 utnon
849 3451 893 3510 sic
915 3450 1016 3529 potius
1040 3451 1096 3512 hoc
1118 3471 1216 3532 genus

128 3548 370 3612 describendum
388 3547 545 3610 videatur:

214 3667 302 3716 ,Ὃν
317 3666 340 3713 .’
369 3667 456 3716 Ευ-

304 3803 355 3835 »υ

131 3907 300 3990 Aeschylus
316 3913 401 3991 Sept.
422 3907 461 3970 ad
477 3911 532 3972 Th.
553 3912 626 3973 hit.
647 3913 720 3974 247.

214 4022 266 4104 τίς
287 4019 522 4121 vddanre'p'eotc
544 4033 674 4117 στυγεῖ,Ι

214 4127 326 4215 τίμιον
349 4121 431 4210 ἔδοξ
448 4126 578 4216 ἳκόμαν.
