2930 4962
354 364 390 404 nu
407 363 533 406 ruuurcu
548 365 704 408 ruiturus
720 364 921 410 imitareris.
1140 345 1182 406 47

178 511 298 594 5146.
332 515 408 578 Nam
432 515 533 578 crebri
555 524 629 580 sunt
653 533 764 580 versus
782 520 864 580 oruui
887 534 1013 578 euasura
1029 526 1178 594 carentes,

91 637 226 697 quorum
256 619 366 698 singuli
393 618 489 697 pedes
520 620 648 700 singulis
681 619 807 682 vocibus
838 622 1042 682 continentur.
1085 619 1178 698 sept.

90 721 169 786 Oed.
191 724 227 782 R.
249 723 300 782 59.

179 826 298 916 τὸγὰρ
314 832 424 912 τυχεῖν
439 824 556 908 αι’τιιῖς
571 825 690 896 ἅπαντ’
707 825 841 896 ἐνταῦθ’
858 826 916 898 ἔνι.

89 944 207 1024 Turpis
222 962 332 1006 versus
348 948 378 1016 in
395 947 501 1026 Eurip.
523 945 631 1007 Troad.
653 947 724 1008 769.

178 1046 287 1140 ι’ίγιτε,
304 1051 433 1143 φέρετε,
450 1049 585 1142 ρίιιτιτέ
599 1077 659 1135 νιν,
679 1049 711 1118 οἱ
725 1051 855 1141 ῥίπτειν
870 1054 974 1136 δοκεῖ,

88 1173 134 1231 sie
150 1168 369 1249 corrigendus:

177 1279 253 1351 ἀλλ’
269 1278 376 1372 ι’ίγιτι,
392 1284 521 1376 φέρετε,
538 1279 677 1376 ῥίπτετ’,
696 1283 727 1353 εἰ
741 1283 872 1376 ρίιιλειν
887 1287 990 1354 δοκεῖ.

176 1495 202 1578 ἦ
221 1493 297 1560 147.
330 1496 489 1559 Interdum
506 1497 614 1559 incisio
628 1499 677 1560 vel
694 1517 754 1559 nen
771 1499 890 1580 longua
908 1499 968 1561 fine
985 1519 1110 1580 versus,
1134 1501 1181 1560 vel

97 1601 196 1681 paullo
218 1609 291 1682 post
313 1601 433 1662 initium
457 1599 553 1681 iacta,
585 1601 655 1664 iacit
677 1611 712 1663 ut
733 1601 866 1665 duorum
890 1621 1037 1665 versuum
1062 1605 1181 1666 numeri

95 1706 207 1766 arctius
230 1704 471 1786 coniungantur,
498 1713 589 1784 atque
613 1705 684 1767 iude
706 1715 737 1766 et
759 1705 943 1786 apostrophe
967 1707 1050 1768 locus
1070 1709 1125 1784 sit,
1152 1716 1183 1767 et

94 1807 311 1894 synaloephae.
338 1806 429 1878 Quod
444 1809 563 1886 primus
579 1808 650 1869 iecit
665 1809 840 1889 Sophocles.
860 1809 937 1870 Oed.
957 1809 1020 1872 Col.
1043 1809 1134 1870 4464.

182 1912 236 1981 σοὶ
251 1912 356 2005 φασὶν
372 1909 473 1982 αὐτὸν
488 1909 538 1992 εἷς
552 1913 670 2002 λόγους
686 1915 801 1983 ἐλθεῖν
814 1913 949 2002 μολόντ’

185 2015 298 2102 αἰτεῖν,
315 2012 482 2084 ἀπελθεῖν
496 2012 524 2084 τ)
541 2011 703 2108 ἀσφαλῶς
717 2025 775 2108 τῆς
790 2015 878 2107 δεῦρ’
894 2013 986 2088 ὁδοῦ.

103 2131 175 2194 Vide
189 2133 282 2194 Elem.
302 2133 333 2196 d.
354 2155 394 2196 m.
415 2154 445 2215 p.
466 2138 517 2198 36.
544 2135 583 2195 Et
597 2138 627 2195 in
644 2135 762 2198 Electra
780 2139 814 2199 rt
826 2141 852 2200 t.

162 2230 307 2307 Ικτύπου
322 2246 490 2330 κροτητῶν
504 2239 678 2331 ἁρμάτων·
694 2241 785 2324 κόνις
800 2239 829 2312 δ’
845 2238 914 2312 ἅνω

177 2338 340 2434 ’φορεῖθ’·
356 2340 443 2429 ὁμοῦ
458 2344 496 2412 δὲ
511 2343 635 2425 πάντες
649 2341 920 2436 ἀναμεμιγμένοι.

93 2463 172 2523 Haec
188 2465 300 2523 arctior
315 2461 447 2526 duorum
465 2481 612 2526 versuum
629 2466 800 2528 coniunctio
816 2464 896 2544 seuit,
920 2475 954 2527 ut
964 2466 1059 2526 'etiarn
1078 2483 1177 2543 voees,

91 2586 171 2646 quae
196 2566 287 2627 aliter
309 2584 371 2626 nun
394 2566 480 2627 iaeiie
496 2567 527 2625 in
542 2568 692 2647 principio
707 2587 817 2630 versus
840 2569 956 2646 positae
972 2569 1177 2647 reperiuntur,

91 2671 227 2750 incipere
254 2687 380 2731 versum
407 2670 540 2749 possint,
570 2680 606 2730 ut
632 2665 725 2752 δῆτα.
763 2670 838 2732 Vide
865 2689 944 2756 quae
971 2669 1114 2730 adnotavi
1141 2669 1181 2731 ad
1273 2682 1276 2688 '

95 2775 185 2854 Soph.
206 2772 254 2834 Αἰ.
276 2776 347 2834 965.
386 2775 430 2834 De
456 2774 513 2834 alia
538 2774 705 2834 continuati
729 2793 798 2836 curn
823 2773 917 2836 alteru
940 2793 1033 2836 versu
1060 2775 1181 2836 numeri

94 2879 208 2938 ratione
225 2875 296 2938 vide
312 2874 330 2958 ξ
347 2879 419 2938 464.

178 3080 297 3164 5148.
330 3081 379 3144 Ad
395 3101 572 3146 mensuram
594 3083 678 3164 quod
694 3086 817 3163 attinet,
844 3085 994 3148 Personus
1016 3083 1056 3148 ad
1072 3085 1176 3165 Eurip.

91 3191 164 3250 Heu.
187 3189 259 3248 3t7.
284 3195 315 3248 et
337 3189 368 3248 in
392 3187 552 3266 Suppleru.
571 3187 668 3268 praei.
687 3187 733 3266 ad¹
751 3189 821 3248 Hac.
841 3209 871 3268 p.
893 3191 943 3250 30.
963 3207 1051 3268 seqq.
1070 3187 1181 3250 obser-

90 3293 186 3369 vavit,
208 3309 276 3352 raro
292 3291 421 3370 tragicos
436 3300 507 3352 ante
523 3292 661 3370 quintam
678 3293 761 3352 arsin
778 3310 881 3352 voeeru
898 3311 936 3352 ex
952 3291 1095 3372 pluribus
1111 3290 1181 3372 syl-

90 3397 170 3458 labis
187 3396 277 3474 longa
293 3393 412 3472 syllaba
428 3395 603 3473 terminare,
622 3403 657 3456 ut
675 3414 724 3475 ap.
744 3394 849 3475 Eurip.
870 3397 899 3455 iu
917 3396 987 3456 lone
1003 3415 1033 3455 v.
1056 3396 1083 3455 4.

114 3503 120 3518 ’
177 3496 330 3580 hetaeri
346 3500 518 3584 χαλκέοισι
532 3507 650 3580 νώτοις
665 3504 670 3590 Ι
688 3497 839 3589 οὐρανόν.

91 3623 158 3693 Quo
181 3638 257 3681 saue
280 3618 387 3681 durior
408 3620 443 3680 fit
464 3637 629 3697 numerus,
656 3616 696 3678 de
718 3637 779 3698 qua
802 3637 836 3678 re
859 3618 990 3681 disserui
1013 3618 1052 3680 ad
1070 3620 1176 3700 Eurip.

92 3725 163 3785 Heu.
185 3725 259 3784 344.
293 3722 357 3784 Sed
373 3721 578 3802 conditiones,
605 3722 721 3803 quibus
740 3721 900 3802 indulgent
914 3721 972 3784 sibi
990 3723 1068 3784 hanc
1083 3725 1180 3786 ratio-

91 3846 164 3888 nem
191 3825 454 3905 disponendorum
481 3825 664 3908 verborum,
698 3845 759 3888 nun
789 3835 990 3906 perspexerat
1015 3829 1176 3890 Porsonus.

92 3931 172 3992 Sunt
188 3939 292 3990 autam
308 3939 381 3992 trus.
415 3931 496 4009 Vna,
521 3929 578 3992 ubi
593 3949 643 3994 res
662 3932 728 4011 ipsa
744 3929 867 3992 videtur
883 3949 1048 3994 numerum
1065 3934 1180 3993 maiore

93 4051 165 4094 eum
179 4033 317 4112 pondere
333 4043 364 4096 et
378 4032 559 4096 difficultate
575 4033 769 4096 incedentem
785 4035 951 4114 requirere,
971 4043 1006 4096 ut
1022 4036 1053 4095 iu
1068 4053 1180 4096 exem-

93 4137 163 4215 plo,
188 4136 271 4216 quud
286 4138 392 4200 aturli:
419 4136 503 4216 quud
525 4157 635 4218 parurn
658 4137 847 4200 considerate
870 4139 976 4216 corrigi
992 4137 1089 4200 voluit
1103 4139 1180 4200 Por-
1253 4173 1256 4185 ·

96 4258 189 4300 sonus
211 4243 242 4302 in
265 4243 392 4322 epistola
413 4241 454 4304 ad
476 4241 661 4302 Daizelium:
690 4239 759 4302 vide
782 4243 920 4300 Museuui
944 4242 1008 4300 erit.
1030 4241 1175 4304 Cantabr.
