2922 4948
226 355 286 417 182
377 396 382 404 ·
625 373 681 414 ιιιι.
705 373 748 414 ιιι.
776 373 838 414 mr.
859 373 904 414 ιιι.

225 529 357 610 picibus,
383 529 431 589 vel
447 527 564 608 pedum
580 528 791 608 responsione,
817 533 971 608 postremo
987 527 1063 606 quid
1079 529 1180 588 omnis
1197 525 1316 587 oratio·

224 635 273 694 nis
294 632 491 694 conformatio
514 633 646 692 maxime
668 630 827 710 probabile
850 649 918 693 esse
941 630 1080 694 suadeat.
1114 630 1191 694 Vide
1211 629 1312 692 Elem.

226 735 257 797 d.
277 756 317 800 m.
337 756 368 817 p.
389 737 460 797 tce.
481 753 567 816 seqq.

614 945 924 954 m

665 1124 776 1193 OAP.
796 1125 872 1192 111.

547 1277 605 1346 ne
632 1299 761 1348 versu
788 1277 984 1372 Priapeo.

313 1444 430 1528 §lati
467 1450 582 1509 Versus
605 1449 801 1527 Priapeus
824 1467 862 1509 ox
885 1449 1039 1526 Glyconeo
1065 1457 1096 1508 et
1118 1449 1320 1510 Pherecratec

228 1557 258 1613 in
275 1572 372 1614 unum
387 1551 557 1613 coniunctis
572 1559 707 1612 constat:
734 1570 826 1631 quem
845 1553 960 1614 metrici
976 1552 1058 1636 male
1072 1550 1113 1614 ad
1128 1553 1318 1633 antispastos

229 1656 374 1718 referunt
410 1657 533 1716 Formas
548 1654 642 1716 habet
657 1663 736 1716 tres:
900 1653 901 1658 ’

326 1795 346 1847 .'.
370 1795 390 1845 .'.
419 1791 535 1877 λέων..
554 1789 558 1878 η
574 1807 621 1839 υ..
644 1792 662 1844 ,ζ
687 1788 841 1843 ,exvj

328 1898 346 1951 .'.
370 1898 389 1950 .'.
418 1891 585 1980 ,ἐΰζων-

315 2001 412 2047 ,Κνυ-
429 1997 434 2085 Ι
453 1999 547 2047 «ν’-’.υ-
633 1999 730 2047 Lw-
748 1998 752 2084 η
768 1994 841 2046 υέῦ

228 2124 365 2205 Quarum
388 2122 534 2184 credibile
556 2132 603 2184 est
623 2123 807 2202 plerumque
826 2131 1001 2188 constanter
1025 2143 1116 2184 unam
1133 2135 1317 2205 usurpatam

229 2247 307 2307 esse,
327 2236 362 2289 ut
376 2225 460 2308 apud
476 2224 717 2288 Anacreontem:

203 2414 205 2422 ,
315 2339 475 2432 ἠρίστησα
497 2341 558 2427 μὲν
582 2340 688 2428 ἰτρίου
712 2344 836 2410 λεπτοῦ
857 2340 976 2432 μικρὸν
998 2338 1161 2425 όποκλός,

315 2442 408 2514 οίνσο
432 2442 460 2512 δ’
484 2444 617 2527 ἐξέπιον
639 2443 758 2512 κάδον·
782 2454 837 2513 νῦν
860 2441 890 2514 δ’
914 2443 1025 2535 ἁβρῶς
1047 2444 1206 2535 ἐρόεσσαν

317 2548 437 2641 ψάλλω
460 2547 606 2639 πηκτίδα
628 2557 666 2640 τῇ
691 2547 773 2641 φίλη
795 2548 956 2636 κωμάζων
978 2545 1074 2618 παΐδ
1097 2547 1189 2642 ἁβρη.

229 2688 259 2740 et
276 2677 361 2758 apud
376 2677 531 2739 Catullum
555 2694 648 2738 carm.
670 2679 757 2738 XVll.
777 2685 808 2736 et
828 2676 935 2757 fragm.
956 2679 985 2737 h.
1005 2687 1098 2757 atque
1121 2679 1153 2738 in
1169 2679 1316 2760 Priapeo-

230 2801 298 2843 rum
316 2781 450 2842 carmine
467 2782 517 2840 88.
537 2779 620 2860 quod
636 2801 653 2841 o
669 2779 856 2859 quibusdam
872 2778 972 2842 cidem
989 2782 1108 2844 Catullo
1125 2781 1315 2864 adscriptum

229 2895 284 2945 est.
313 2882 452 2946 Secunda
470 2892 517 2944 est
532 2882 616 2963 apud
630 2883 857 2962 Euphorionem
873 2883 1123 2948 Chersonesium:

316 2993 355 3066 οὐ
377 2996 528 3086 βέβηλος,
553 2989 579 3062 ὦ
601 2997 733 3064 τελεταὶ
757 3004 819 3066 τοῦ
841 2998 915 3067 νέου
938 2997 1122 3068 Διονύσου·

315 3095 404 3190 κόμα)
427 3097 456 3166 δ’
481 3100 517 3182 ἐξ
538 3096 725 3192 εὐεργεσίης
746 3097 970 3190 ὠργιασμένος
991 3101 1070 3196 ἥκω,

226 3248 230 3256 ·
316 3201 442 3273 όδείων
465 3203 697 3296 Πηλουσιακόν
720 3210 880 3296 κνεφαῖος
901 3206 995 3295 παρὰ
1017 3209 1131 3294 τέλμα.

314 3416 429 3500 §oth
457 3420 570 3482 Comici
586 3429 690 3482 utrum
704 3439 809 3482 omnes
826 3419 939 3482 formas
954 3423 1127 3502 promiscue
1142 3426 1311 3504 posuerint,

228 3543 268 3584 an
284 3523 413 3602 singulis
424 3522 560 3602 singulas
576 3524 607 3584 in
623 3523 849 3604 antistrophicis
861 3527 1070 3605 opposuerint,
1088 3528 1237 3588 incertum
1254 3536 1310 3590 est.

229 3625 436 3704 Pherecrates,
463 3627 528 3688 sive
544 3629 570 3688 is
593 3628 672 3688 alius
688 3636 753 3706 est,
780 3629 810 3688 in
827 3629 925 3689 Persis
941 3628 1025 3709 apud
1040 3628 1232 3693 Athenaeum
1249 3633 1310 3692 XV.

149 3791 152 3802 ,
228 3751 259 3811 ρ.
281 3733 352 3790 685.
387 3725 422 3789 Α.
443 3731 726 3792 ν.ΜείιισλιίιιιιιΙΙ.
749 3731 827 3810 l.p.
849 3726 920 3792 318.
1043 3724 1047 3730 ’

315 3836 341 3910 oi
363 3842 517 3929 μαλάχας
537 3844 598 3929 μὲν
621 3845 750 3933 ἐξερῶν,
774 3841 947 3912 ἀνακινέων
969 3843 1004 3913 θ’
1029 3843 1200 3931 ίόκινδον,

313 3947 370 4014 καί
392 3945 609 4033 μελιλώτινον
630 3949 750 4032 λαλῶν,
774 3949 831 4016 καί
853 3947 936 4038 ῥόδα
959 3950 1207 4041 προςσεσηριός·

314 4043 341 4120 oi
365 4053 473 4142 φιλῶν
493 4051 554 4135 μὲν
576 4047 760 4139 ἀμάρακον,
783 4059 969 4142 προςκινῶν
992 4052 1029 4121 δὲ
1052 4052 1175 4138 σέλινα,

315 4158 416 4244 γελῶν
440 4151 469 4222 δ’
494 4151 707 4238 ἱπποσέλινα,
730 4153 1071 4240 καίκσσμοσόνδαλα
1092 4157 1225 4242 βαίνων,

314 4257 411 4346 ἔγχει,
436 4255 587 4346 κάπιβόα
609 4257 720 4347 τρίτον
743 4255 884 4342 Πατῶν),
909 4257 955 4339 ῶς
976 4259 1078 4346 νόμος
1100 4261 1197 4332 ε’στίν.
1221 4343 1224 4350 Δ
