2922 4948
280 321 344 384 256
670 343 726 386 ιιιι.
747 343 793 386 ιιι.
821 343 883 388 ειν.
903 345 978 388 mr.

282 495 321 554 ita
346 495 427 555 risus
450 493 595 574 captandi
617 505 726 558 caussa
750 497 841 558 etiam
861 498 1079 576 antistrophira
1096 497 1251 558 interdurn
1269 496 1375 557 verbis

282 596 472 677 quibusdam
484 617 569 660 nuno
581 601 664 660 omni
682 609 779 660 ιιιειιο
792 598 958 679 destitutis,
973 620 1057 664 uuus
1069 601 1127 663 alia
1140 610 1234 662 metra
1248 599 1377 662 haben-

282 699 366 762 tibus
387 702 575 783 interpellari
598 702 779 783 turbarique
803 701 957 766 videntur.
991 706 1054 766 Hac
1074 705 1190 766 ratione
1210 705 1242 765 iu
1257 705 1377 766 Eccle-

282 805 411 866 siazusis
434 825 466 867 v.
487 808 559 866 942.
585 803 729 869 videntur
754 806 814 868 levi
837 810 1005 871 mutatione
1027 809 1105 870 iacta
1129 805 1254 868 defendi
1281 826 1377 888 posse

281 908 428 971 librorum
444 911 632 989 scripturae:

410 1046 479 1110 NE.
503 1039 615 1123 αἰαῖ,
640 1046 681 1114 τί
701 1068 804 1112 ποτε
825 1041 1050 1128 πείσομαις
1256 1067 1327 1133 στρ.

451 1141 526 1230 οὐχ
547 1143 637 1235 ἥκει
659 1143 915 1236 μούταῖρος,

407 1246 511 1338 μόνη
534 1243 564 1316 δ’
588 1244 714 1316 αὐτοῦ
737 1247 954 1339 λείπομ’,ή

451 1350 526 1442 γάρ
548 1376 622 1437 μοι
643 1351 775 1443 μήτηρ
798 1346 900 1444 ἀλλη

365 1456 526 1546 βέβηκε.
549 1455 661 1525 καίτοι
683 1449 790 1524 τᾶλλα
812 1450 839 1544 γ’
863 1451 984 1526 odiar
1005 1459 1070 1525 riri
1088 1456 1237 1547 λέγειν.

408 1553 503 1643 ἀλλ’,
527 1551 555 1626 ἀ
575 1555 674 1646 μαῖ’,
698 1557 967 1646 ἱκετεύομεν,
989 1557 1067 1628 κά-

408 1663 474 1731 λει
495 1663 564 1732 τὸν
587 1658 840 1752 ὄρθαγόραν,
863 1661 976 1744 ὅπως

408 1773 561 1859 σαυτῆς
582 1761 630 1836 ἀν
650 1761 846 1851 κατόναι’,
869 1765 1082 1854 ἀντιβολῶ
1107 1791 1159 1836 σε.

407 1877 472 1966 ΓΡ,
495 1864 573 1963 ήδη
594 1869 666 1939 τὸν
688 1865 754 1938 ἀπ’
775 1865 936 1952 Ἰωνίας
1251 1867 1321 1941 ἀντ.

363 1973 501 2064 τρόπον,
523 1973 676 2057 τάλαινα,
701 1980 844 2065 κνησιᾷς,

362 2081 475 2158 δοκεῖς
496 2078 535 2146 δέ
555 2101 616 2163 μοι
637 2078 695 2146 καὶ
716 2072 826 2164 λα’βδα
847 2077 933 2146 κατὰ
954 2078 1035 2159 τούς
1056 2075 1237 2166 Λεσβίους.

406 2177 492 2251 ἀλλ’
516 2177 589 2250 οάκ
613 2175 659 2250 ἀν
681 2176 777 2250 ποθ’
800 2178 1083 2275 ὑφαρπάσαιο

405 2282 513 2372 τάμὰ
534 2281 731 2373 παίγνια,
753 2284 822 2377 τήν
844 2280 874 2353 δ’
898 2285 994 2376 ἐμήν

406 2387 515 2478 ὥραν
538 2385 609 2457 οάκ
631 2383 821 2470 ἀπολεῖς,
845 2385 930 2457 οὐδ’
952 2385 1178 2482 ἀπολήψει.

363 2633 479 2720 §704
510 2637 596 2702 Alius
612 2656 673 2700 non
687 2639 779 2718 plane
795 2639 951 2702 dissimilis
967 2637 1192 2701 lususvideiur
1207 2639 1238 2698 in
1255 2640 1367 2718 Vespis

277 2762 345 2805 esse
369 2761 405 2806 v..
419 2743 492 2805 3⁴7.
517 2742 572 2805 uhi
593 2760 689 2804 senex
711 2743 744 2803 in
759 2741 849 2804 domo
869 2762 925 2805 sua
946 2743 1100 2821 inclusus,
1127 2741 1252 2820 dolenS,
1279 2742 1367 2821 quod

278 2846 340 2908 sibi
364 2867 426 2908 nou
452 2847 542 2909 liceat
567 2866 637 2909 cum
660 2845 820 2908 sodalibus
846 2837 877 2908 iu
904 2845 1052 2915 iudicium
1078 2847 1138 2926 ire,
1168 2864 1247 2923 non,
1278 2846 1367 2924 quod

277 2953 416 3013 facturus
439 2961 520 3030 erat,
551 2951 577 3012 si
599 2949 678 3011 iiber
700 2959 798 3030 esset,
829 2951 962 3030 facitque
978 2969 1065 3028 mox,
1095 2948 1149 3012 ubi
1171 2948 1363 3029 indignatur,

276 3055 392 3118 alacres
416 3055 602 3135 Glyconeos,
630 3053 686 3116 sed
707 3071 813 3116 eorum
836 3055 901 3116 loro
923 3055 1061 3134 quinque
1083 3052 1228 3132 lugubres
1252 3071 1367 3114 versus

276 3161 372 3222 canit:

363 3289 461 3385 φίλοι
481 3286 621 3384 τήκομαι
642 3291 703 3378 μὲν

405 3399 521 3468 πάλαι·
534 3397 592 3465 διὰ
613 3403 673 3486 τῆς
695 3389 782 3487 ἀπῆς

404 3497 496 3586 ὑμῶν
517 3497 706 3568 ὑπακούων.

363 3597 449 3670 ἀλλὰ
472 3603 533 3692 γὰρ
557 3600 616 3690 οὐχ
639 3595 710 3686 οἷός
730 3598 759 3672 τ’
783 3598 827 3672 ἔτ’
851 3599 916 3691 εἴμ’

406 3700 515 3796 ήδειν·
537 3704 572 3776 τλ
593 3707 743 3798 ποιήσοις

361 3813 525 3898 τηροῦμαι
548 3806 577 3878 δ’
600 3807 668 3878 ἀπὸ
691 3807 787 3878 τῶνδ’
796 3835 804 3852 ·
826 3809 903 3878 ἐπεὶ

361 3909 531 3997 βούλομαί
552 3938 587 4000 γε
609 3912 717 3982 πάλαι
739 3908 817 3998 μεθ’
841 3913 880 3981 ὖ-

361 4022 433 4099 μοῖν
455 4013 565 4084 ἒλθών
587 4015 645 4084 ἀπὶ
666 4016 746 4095 τούς
765 4014 862 4084 καδί-

405 4139 513 4202 σκους,
538 4118 641 4186 κακόν
662 4146 694 4187 τι
717 4126 870 4210 ποιήσαι.
