2930 4962
263 368 306 430 39
683 389 739 431 tra.
758 389 779 431 r.
814 387 876 432 ele.
895 389 924 431 x.

258 541 344 620 hent,
364 541 404 602 ita
421 542 452 601 in
469 557 562 604 versu
577 543 728 621 collocari,
746 551 782 604 ut
797 545 876 605 ictus
891 543 923 603 in
938 545 1068 621 primam
1085 541 1218 621 incidat,
1238 548 1273 602 ut
1287 541 1350 622 fo·-
1448 627 1449 630 Ἴ

259 645 362 725 milio,
383 646 523 724 calceria,
550 646 685 726 to'tiqero,
704 645 854 708 ceciderit.
889 645 1005 708 Deinde
1027 645 1082 708 uhi
1104 646 1242 706 ultimam
1266 643 1350 706 duae

260 747 366 828 longae
381 746 587 829 praecedunt,
614 750 688 810 elisa
712 751 836 829 ultima,
862 750 975 810 retrahi
998 757 1157 810 accentum
1178 750 1209 808 in
1225 749 1348 808 tertiam

259 852 371 912 atine:

342 975 430 1052 poeto
445 989 535 1055 quum
548 975 681 1051 primum
697 976 830 1035 dnimum
847 972 1093 1035 adscribendum
1108 973 1233 1052 cippuh'l.

258 1093 291 1151 ln
309 1093 414 1171 primis
429 1094 521 1153 etiam
537 1091 759 1154 attendendum
776 1093 815 1156 ad
832 1093 981 1155 dictiones
991 1078 1171 1171 'encliticam
1191 1109 1269 1170 quas
1281 1094 1349 1152 ha-

257 1197 320 1255 tina
337 1213 460 1274 quoque
475 1196 576 1276 lingua
595 1197 707 1258 multas
723 1197 826 1259 hahet.

343 1418 460 1500 5101.
487 1422 520 1480 ln
542 1421 627 1481 initio
649 1422 823 1496 orationis‚.
837 1431 868 1481 et
890 1421 945 1483 uhi
968 1419 1044 1501 quid
1062 1421 1269 1498 significanter
1285 1417 1348 1480 dici

257 1524 419 1601 volumus,
446 1543 551 1585 vocem
576 1525 671 1603 magis
693 1524 828 1586 solemus
850 1523 1020 1585 intendere.
1062 1523 1138 1583 llinc
1165 1522 1364 1583 intensio'

257 1627 369 1686 vocis
384 1627 415 1686 in
431 1629 529 1708 prima
546 1629 607 1688 ersi
622 1645 731 1688 versus
743 1629 854 1689 heroici
870 1626 1086 1706 producendae
1102 1625 1190 1686 hrevi
1204 1625 1349 1706 syllabae

256 1728 422 1808 aliquando
437 1730 582 1808 inservit,
602 1739 640 1791 ut
652 1730 738 1792 lliad.
758 1728 787 1792 d.
803 1733 873 1792 455.
894 1751 920 1793 ε.
937 1734 1010 1792 tte.
1027 1751 1057 1808 χ.
1075 1731 1147 1790 979.
1165 1735 1205 1811 ψ.
1224 1727 1253 1787 9.

343 1841 423 1936 φίλε
436 1843 622 1936 κασίγνητε,

343 1945 460 2038 ἐπειδὴ
475 1947 555 2038 νῆάς
569 1974 606 2016 τε
620 1949 678 2016 καὶ
688 1946 926 2040 Ἑλλήςποντον
940 1950 1061 2015 ἵκοντο.

257 2071 407 2133 Hesiodus
422 2074 459 2135 0.
478 2083 509 2136 et
523 2075 558 2136 D.
582 2077 651 2136 436.

342 2185 441 2276 δρυὸς
456 2185 572 2277 ἔλυμα,
588 2188 666 2280 γύην
681 2189 811 2280 πρίνου,
826 2185 888 2276 βόε
903 2184 933 2255 d'
950 2187 1140 2278 ἐνναετήρω.

257 2315 407 2396 Theognis
423 2336 453 2377 v.
472 2319 564 2380 tort.

340 2428 463 2519 βρόχον
478 2426 678 2521 ἄποῤῥήξας.

256 2555 371 2616 Eodem
384 2558 517 2637 pertinet
535 2559 566 2618 in
579 2556 757 2617 nominihus
768 2557 901 2636 propriis
913 2557 991 2617 lacta
1004 2555 1175 2636 productio,
1190 2554 1245 2616 ubi
1257 2574 1343 2634 pon-

255 2658 315 2720 dus
331 2659 455 2740 aliquod
470 2663 502 2722 in
517 2661 554 2721 iis
570 2661 660 2721 inest.
687 2659 858 2742 Aeschylus
871 2662 902 2722 S.
917 2659 959 2722 ad
967 2660 1021 2720 Th.
1041 2661 1111 2720 tel.
1126 2661 1197 2718 553.
1216 2659 1343 2738 Sopho-

254 2763 316 2826 cles
332 2782 381 2844 ap.
401 2764 544 2825 Priscian.
564 2781 595 2842 p.
611 2766 703 2825 4328.
1084 2749 1088 2759 ’
1451 2743 1452 2802 Ῑ

338 2876 605 2962 Ἱππομέδοντος
618 2883 728 2968 σχῆμα
742 2876 801 2943 καὶ
813 2876 918 2964 μέγας
931 2875 1047 2954 τύπος.

341 2985 614 3066 Παρθενοπαῖος
628 2977 764 3070 Ἀρκάς·
780 2977 799 3044 ὃ
816 2979 854 3047 δὲ
868 2975 990 3058 τοιόςὸ
1007 2975 1097 3070 ἀνήρ.

332 3080 580 3175 Ἀλφεσίβοιαν,
596 3078 635 3174 ἣν
651 3081 669 3152 ὁ
684 3081 840 3173 γεννήσας
855 3082 976 3174 πατήρ.

340 3315 363 3394 §
382 3309 456 3380 102.
483 3315 649 3392 luterpu
657 3315 758 3375 notio
775 3313 913 3395 ¹denique
928 3314 1074 3394 quoniam
1097 3315 1264 3374 consistere
1278 3333 1340 3388 ,vo-

254 3437 320 3478 cem
337 3427 368 3478 et
382 3417 515 3497 aliquam
532 3419 661 3496 pausam
678 3417 743 3479 heri
758 3417 903 3498 postulat,
922 3419 954 3478 in
970 3415 1156 3498 quibusdam
1173 3417 1339 3497 generibus

255 3539 411 3599 versuum,
432 3531 467 3583 ut
487 3522 517 3581 in
533 3520 735 3601 dochmiaois,
762 3521 918 3582 interdum
939 3521 1012 3582 lacit
1033 3529 1068 3582 ut
1091 3517 1209 3602 syllaba
1226 3521 1334 3599 finalis,

253 3643 334 3704 quae
349 3624 454 3686 brevis
477 3633 540 3704 est,
567 3624 766 3703 producatur.
800 3615 890 3698 Quod
913 3633 983 3705 post
998 3625 1261 3703 compellationem
1277 3645 1338 3704 po-

252 3729 417 3807 tissimum,
436 3737 467 3789 et
480 3728 744 3807 exclamationem,
763 3736 795 3788 et
809 3729 1074 3807 interrogationem
1090 3729 1166 3806 fieri,
1186 3726 1338 3790 observa-

252 3829 463 3893 vitSeidlerus
474 3833 506 3892 in
517 3832 643 3911 epistola
656 3830 696 3892 ad
705 3831 836 3892 Lobeclr.
862 3828 1050 3892 Aiaci'huius
1061 3830 1204 3892 adiuncta
1216 3849 1248 3909 p.
1263 3831 1335 3890 tto.

252 3953 340 4014 seqq.
359 3944 390 3995 et
405 3933 444 3996 de
459 3953 557 3997 verss.
576 3933 696 3996 dochm.
715 3952 747 4013 p.
758 3934 809 3996 79.
829 3952 915 4014 seqq.
943 3934 982 3996 Et
996 3934 1081 4014 apud
1093 3936 1245 3995 Romanos
1260 3935 1337 4012 qui-

138 4077 139 4080 =
253 4037 325 4099 dem
341 4039 477 4100 scenicos
492 4041 583 4100 etiam
599 4040 631 4100 iu
645 4037 806 4100 trochaicis
821 4039 969 4117 numeriS,
988 4045 1025 4098 ut
1038 4038 1068 4098 in
1077 4038 1173 4098 Plauti
1180 4037 1272 4100 hlilite
1285 4037 1332 4096 lll.

253 4141 283 4221 2,
303 4143 354 4204 at.

337 4279 500 4344 numquam
517 4264 621 4346 edepol
632 4265 702 4326 eidi
710 4265 866 4344 prooem:
885 4281 990 4326 oerum
1007 4263 1058 4325 hoe
1075 4271 1150 4325 erut.
