<?xml version="1.0" encoding="UTF-8"?>
<!DOCTYPE html PUBLIC "-//W3C//DTD XHTML 1.0 Transitional//EN"
    "http://www.w3.org/TR/xhtml1/DTD/xhtml1-transitional.dtd">
<html xmlns="http://www.w3.org/1999/xhtml" xml:lang="en" lang="en">
 <head>
  <title>
</title>
<meta http-equiv="Content-Type" content="text/html;charset=utf-8" />
  <meta name='ocr-system' content='tesseract 3.04.00' />
  <meta name='ocr-capabilities' content='ocr_page ocr_carea ocr_par ocr_line ocrx_word'/>
</head>
<body>
  <div class='ocr_page' id='page_1' title='image "./doctrinaemetric00hermgoog/doctrinaemetric00hermgoog_0041.png"; bbox 0 0 2930 4962; ppageno 0'>
   <div class='ocr_carea' id='block_1_1' title="bbox 268 321 931 386">
    <p class='ocr_par' dir='ltr' id='par_1_1' title="bbox 268 321 931 386">
     <span class='ocr_line' id='line_1_1' title="bbox 268 321 931 386; baseline 0 -2"><span class='ocrx_word' id='word_1_1' title='bbox 268 321 306 386; x_wconf 59' lang='grc' dir='ltr'>Β</span> <span class='ocrx_word' id='word_1_2' title='bbox 683 341 931 385; x_wconf 68' lang='lat' dir='ltr'><strong>mamm</strong></span> 
     </span>
    </p>
   </div>
   <div class='ocr_carea' id='block_1_2' title="bbox 265 489 1347 885">
    <p class='ocr_par' dir='ltr' id='par_1_2' title="bbox 265 489 1347 885">
     <span class='ocr_line' id='line_1_2' title="bbox 350 489 1347 575; baseline -0.004 -17"><span class='ocrx_word' id='word_1_3' title='bbox 350 489 444 575; x_wconf 73' lang='lat' dir='ltr'><strong>§at</strong></span> <span class='ocrx_word' id='word_1_4' title='bbox 483 495 617 556; x_wconf 84' lang='lat' dir='ltr'><strong>Caesura</strong></span> <span class='ocrx_word' id='word_1_5' title='bbox 646 493 856 556; x_wconf 90' lang='lat' dir='ltr'><strong>mutabilis</strong></span> <span class='ocrx_word' id='word_1_6' title='bbox 883 505 947 574; x_wconf 90' lang='lat' dir='ltr'><strong>est,</strong></span> <span class='ocrx_word' id='word_1_7' title='bbox 977 494 1033 556; x_wconf 90' lang='lat' dir='ltr'><strong>ubi</strong></span> <span class='ocrx_word' id='word_1_8' title='bbox 1059 493 1182 557; x_wconf 84' lang='lat' dir='ltr'><strong>ordines</strong></span> <span class='ocrx_word' id='word_1_9' title='bbox 1205 512 1266 556; x_wconf 89' lang='lat' dir='ltr'><strong>non</strong></span> <span class='ocrx_word' id='word_1_10' title='bbox 1289 512 1347 555; x_wconf 90' lang='lat' dir='ltr'><strong>uno</strong></span> 
     </span>
     <span class='ocr_line' id='line_1_3' title="bbox 265 595 1347 678; baseline -0.002 -19"><span class='ocrx_word' id='word_1_11' title='bbox 265 596 356 659; x_wconf 89' lang='lat' dir='ltr'><strong>modo</strong></span> <span class='ocrx_word' id='word_1_12' title='bbox 378 595 510 659; x_wconf 80' lang='lat' dir='ltr'><strong>describi</strong></span> <span class='ocrx_word' id='word_1_13' title='bbox 529 607 675 676; x_wconf 92' lang='lat' dir='ltr'><strong>possunt,</strong></span> <span class='ocrx_word' id='word_1_14' title='bbox 702 605 738 660; x_wconf 81' lang='lat' dir='ltr'><strong>ul</strong></span> <span class='ocrx_word' id='word_1_15' title='bbox 759 598 790 657; x_wconf 89' lang='lat' dir='ltr'><strong>in</strong></span> <span class='ocrx_word' id='word_1_16' title='bbox 812 597 990 660; x_wconf 73' lang='lat' dir='ltr'><strong>hexametro</strong></span> <span class='ocrx_word' id='word_1_17' title='bbox 1005 598 1141 678; x_wconf 89' lang='lat' dir='ltr'><strong>heroico,</strong></span> <span class='ocrx_word' id='word_1_18' title='bbox 1170 608 1201 660; x_wconf 92' lang='lat' dir='ltr'><strong>et</strong></span> <span class='ocrx_word' id='word_1_19' title='bbox 1216 599 1347 659; x_wconf 76' lang='lat' dir='ltr'><strong>trimetro</strong></span> 
     </span>
     <span class='ocr_line' id='line_1_4' title="bbox 265 699 1346 780; baseline -0.002 -18"><span class='ocrx_word' id='word_1_20' title='bbox 265 701 412 777; x_wconf 90' lang='lat' dir='ltr'><strong>iambico;</strong></span> <span class='ocrx_word' id='word_1_21' title='bbox 440 703 487 762; x_wconf 91' lang='lat' dir='ltr'><strong>im</strong></span> <span class='ocrx_word' id='word_1_22' title='bbox 498 699 724 780; x_wconf 88' lang='lat' dir='ltr'><strong>mutabilis,</strong></span> <span class='ocrx_word' id='word_1_23' title='bbox 752 700 806 762; x_wconf 89' lang='lat' dir='ltr'><strong>ubi</strong></span> <span class='ocrx_word' id='word_1_24' title='bbox 825 721 886 763; x_wconf 89' lang='lat' dir='ltr'><strong>non</strong></span> <span class='ocrx_word' id='word_1_25' title='bbox 903 703 962 763; x_wconf 91' lang='lat' dir='ltr'><strong>nisi</strong></span> <span class='ocrx_word' id='word_1_26' title='bbox 977 721 1038 764; x_wconf 92' lang='lat' dir='ltr'><strong>una</strong></span> <span class='ocrx_word' id='word_1_27' title='bbox 1056 703 1131 762; x_wconf 91' lang='lat' dir='ltr'><strong>ratio</strong></span> <span class='ocrx_word' id='word_1_28' title='bbox 1146 711 1193 762; x_wconf 92' lang='lat' dir='ltr'><strong>est</strong></span> <span class='ocrx_word' id='word_1_29' title='bbox 1208 701 1346 762; x_wconf 86' lang='lat' dir='ltr'><strong>ordinum</strong></span> 
     </span>
     <span class='ocr_line' id='line_1_5' title="bbox 265 803 1029 885; baseline -0.001 -19"><span class='ocrx_word' id='word_1_30' title='bbox 265 803 565 884; x_wconf 84' lang='lat' dir='ltr'><strong>distinguendorum,</strong></span> <span class='ocrx_word' id='word_1_31' title='bbox 584 813 621 866; x_wconf 91' lang='lat' dir='ltr'><strong>ut</strong></span> <span class='ocrx_word' id='word_1_32' title='bbox 635 806 666 865; x_wconf 90' lang='lat' dir='ltr'><strong>in</strong></span> <span class='ocrx_word' id='word_1_33' title='bbox 682 813 873 882; x_wconf 83' lang='lat' dir='ltr'><strong>pentametro</strong></span> <span class='ocrx_word' id='word_1_34' title='bbox 889 805 1029 885; x_wconf 80' lang='lat' dir='ltr'><strong>elegiaco.</strong></span> 
     </span>
    </p>
   </div>
   <div class='ocr_carea' id='block_1_3' title="bbox 264 990 1351 1800">
    <p class='ocr_par' dir='ltr' id='par_1_3' title="bbox 264 990 1351 1488">
     <span class='ocr_line' id='line_1_6' title="bbox 351 990 1351 1076; baseline -0.004 -18"><span class='ocrx_word' id='word_1_35' title='bbox 351 990 444 1076; x_wconf 63' lang='lat'><strong>562.</strong></span> <span class='ocrx_word' id='word_1_36' title='bbox 485 996 619 1057; x_wconf 75' lang='lat' dir='ltr'><strong>Censura</strong></span> <span class='ocrx_word' id='word_1_37' title='bbox 649 992 810 1055; x_wconf 89' lang='lat' dir='ltr'><strong>adscita</strong></span> <span class='ocrx_word' id='word_1_38' title='bbox 841 1003 905 1074; x_wconf 91' lang='lat' dir='ltr'><strong>est,</strong></span> <span class='ocrx_word' id='word_1_39' title='bbox 939 1013 1020 1075; x_wconf 92' lang='lat' dir='ltr'><strong>quae</strong></span> <span class='ocrx_word' id='word_1_40' title='bbox 1045 1013 1161 1056; x_wconf 87' lang='lat' dir='ltr'><strong>novum</strong></span> <span class='ocrx_word' id='word_1_41' title='bbox 1188 992 1351 1056; x_wconf 82' lang='lat' dir='ltr'><strong>introducit</strong></span> 
     </span>
     <span class='ocr_line' id='line_1_7' title="bbox 266 1096 1350 1178; baseline -0.003 -20"><span class='ocrx_word' id='word_1_42' title='bbox 266 1115 449 1176; x_wconf 87' lang='lat' dir='ltr'><strong>numerum,</strong></span> <span class='ocrx_word' id='word_1_43' title='bbox 476 1096 532 1160; x_wconf 86' lang='lat' dir='ltr'><strong>sed</strong></span> <span class='ocrx_word' id='word_1_44' title='bbox 555 1116 626 1159; x_wconf 90' lang='lat' dir='ltr'><strong>eum</strong></span> <span class='ocrx_word' id='word_1_45' title='bbox 647 1096 756 1175; x_wconf 85' lang='lat' dir='ltr'><strong>talem,</strong></span> <span class='ocrx_word' id='word_1_46' title='bbox 786 1099 839 1178; x_wconf 86' lang='lat' dir='ltr'><strong>qui</strong></span> <span class='ocrx_word' id='word_1_47' title='bbox 861 1117 931 1158; x_wconf 92' lang='lat' dir='ltr'><strong>cum</strong></span> <span class='ocrx_word' id='word_1_48' title='bbox 948 1099 1071 1176; x_wconf 88' lang='lat' dir='ltr'><strong>proprio</strong></span> <span class='ocrx_word' id='word_1_49' title='bbox 1091 1116 1201 1160; x_wconf 87' lang='lat' dir='ltr'><strong>versus</strong></span> <span class='ocrx_word' id='word_1_50' title='bbox 1223 1115 1350 1160; x_wconf 90' lang='lat' dir='ltr'><strong>numero</strong></span> 
     </span>
     <span class='ocr_line' id='line_1_8' title="bbox 266 1199 1346 1282; baseline -0.002 -20"><span class='ocrx_word' id='word_1_51' title='bbox 266 1202 416 1263; x_wconf 85' lang='lat' dir='ltr'><strong>conciliari</strong></span> <span class='ocrx_word' id='word_1_52' title='bbox 437 1201 550 1280; x_wconf 82' lang='lat' dir='ltr'><strong>possit,</strong></span> <span class='ocrx_word' id='word_1_53' title='bbox 578 1209 614 1262; x_wconf 88' lang='lat' dir='ltr'><strong>ut</strong></span> <span class='ocrx_word' id='word_1_54' title='bbox 633 1201 665 1262; x_wconf 91' lang='lat' dir='ltr'><strong>in</strong></span> <span class='ocrx_word' id='word_1_55' title='bbox 688 1219 782 1262; x_wconf 87' lang='lat' dir='ltr'><strong>versu</strong></span> <span class='ocrx_word' id='word_1_56' title='bbox 804 1200 940 1280; x_wconf 89' lang='lat' dir='ltr'><strong>heroico,</strong></span> <span class='ocrx_word' id='word_1_57' title='bbox 970 1220 1067 1282; x_wconf 90' lang='lat' dir='ltr'><strong>quum</strong></span> <span class='ocrx_word' id='word_1_58' title='bbox 1088 1201 1195 1263; x_wconf 92' lang='lat' dir='ltr'><strong>ultima</strong></span> <span class='ocrx_word' id='word_1_59' title='bbox 1218 1199 1346 1280; x_wconf 76' lang='lat' dir='ltr'><strong>syllaba,</strong></span> 
     </span>
     <span class='ocr_line' id='line_1_9' title="bbox 268 1302 1351 1385; baseline -0.004 -19"><span class='ocrx_word' id='word_1_60' title='bbox 268 1323 348 1384; x_wconf 90' lang='lat' dir='ltr'><strong>quae</strong></span> <span class='ocrx_word' id='word_1_61' title='bbox 364 1305 460 1364; x_wconf 85' lang='lat' dir='ltr'><strong>thesis</strong></span> <span class='ocrx_word' id='word_1_62' title='bbox 476 1313 533 1382; x_wconf 88' lang='lat' dir='ltr'><strong>est,</strong></span> <span class='ocrx_word' id='word_1_63' title='bbox 556 1322 612 1382; x_wconf 93' lang='lat' dir='ltr'><strong>per</strong></span> <span class='ocrx_word' id='word_1_64' title='bbox 626 1323 731 1364; x_wconf 88' lang='lat' dir='ltr'><strong>vocem</strong></span> <span class='ocrx_word' id='word_1_65' title='bbox 747 1303 1001 1384; x_wconf 85' lang='lat' dir='ltr'><strong>monosyllabam,</strong></span> <span class='ocrx_word' id='word_1_66' title='bbox 1025 1324 1156 1385; x_wconf 90' lang='lat' dir='ltr'><strong>eamque</strong></span> <span class='ocrx_word' id='word_1_67' title='bbox 1172 1306 1203 1364; x_wconf 86' lang='lat' dir='ltr'><strong>vi</strong></span> <span class='ocrx_word' id='word_1_68' title='bbox 1218 1302 1351 1384; x_wconf 89' lang='lat' dir='ltr'><strong>quadam</strong></span> 
     </span>
     <span class='ocr_line' id='line_1_10' title="bbox 264 1406 765 1488; baseline -0.004 -20"><span class='ocrx_word' id='word_1_69' title='bbox 264 1406 447 1488; x_wconf 83' lang='lat' dir='ltr'><strong>praeditam,</strong></span> <span class='ocrx_word' id='word_1_70' title='bbox 466 1407 497 1465; x_wconf 91' lang='lat' dir='ltr'><strong>in</strong></span> <span class='ocrx_word' id='word_1_71' title='bbox 514 1407 597 1466; x_wconf 92' lang='lat' dir='ltr'><strong>arsin</strong></span> <span class='ocrx_word' id='word_1_72' title='bbox 614 1415 765 1468; x_wconf 90' lang='lat' dir='ltr'><strong>mutatur:</strong></span> 
     </span>
    </p>

    <p class='ocr_par' dir='ltr' id='par_1_4' title="bbox 351 1499 1249 1595">
     <span class='ocr_line' id='line_1_11' title="bbox 351 1499 1249 1595; baseline 0.002 -25"><span class='ocrx_word' id='word_1_73' title='bbox 351 1508 451 1592; x_wconf 86' lang='grc' dir='ltr'><strong><em>γαῖαν</em></strong></span> <span class='ocrx_word' id='word_1_74' title='bbox 466 1499 552 1588; x_wconf 83' lang='grc' dir='ltr'><strong><em>ὁμοῦ</em></strong></span> <span class='ocrx_word' id='word_1_75' title='bbox 566 1503 624 1569; x_wconf 81' lang='grc' dir='ltr'><strong>καὶ</strong></span> <span class='ocrx_word' id='word_1_76' title='bbox 640 1502 776 1570; x_wconf 80' lang='grc' dir='ltr'><strong><em>πόντον·</em></strong></span> <span class='ocrx_word' id='word_1_77' title='bbox 801 1499 921 1593; x_wconf 80' lang='grc' dir='ltr'><strong><em>ὀρώρει</em></strong></span> <span class='ocrx_word' id='word_1_78' title='bbox 936 1502 966 1572; x_wconf 85' lang='lat' dir='ltr'><strong>d&#39;</strong></span> <span class='ocrx_word' id='word_1_79' title='bbox 983 1501 1168 1595; x_wconf 74' lang='grc' dir='ltr'><strong><em>οὐρανόθεν</em></strong></span> <span class='ocrx_word' id='word_1_80' title='bbox 1181 1504 1249 1586; x_wconf 80' lang='grc' dir='ltr'><strong><em>νύξ.</em></strong></span> 
     </span>
    </p>

    <p class='ocr_par' dir='ltr' id='par_1_5' title="bbox 267 1611 735 1800">
     <span class='ocr_line' id='line_1_12' title="bbox 267 1611 666 1672; baseline 0.003 0"><span class='ocrx_word' id='word_1_81' title='bbox 267 1614 305 1672; x_wconf 89' lang='lat' dir='ltr'><strong>Et</strong></span> <span class='ocrx_word' id='word_1_82' title='bbox 321 1614 352 1672; x_wconf 92' lang='lat' dir='ltr'><strong>in</strong></span> <span class='ocrx_word' id='word_1_83' title='bbox 367 1611 497 1672; x_wconf 88' lang='lat' dir='ltr'><strong>iambico</strong></span> <span class='ocrx_word' id='word_1_84' title='bbox 512 1613 666 1672; x_wconf 86' lang='lat' dir='ltr'><strong>trimetro:</strong></span> 
     </span>
     <span class='ocr_line' id='line_1_13' title="bbox 351 1707 735 1800; baseline 0.003 -40"><span class='ocrx_word' id='word_1_85' title='bbox 351 1713 448 1760; x_wconf 64' lang='lat' dir='ltr'>uLu..</span> <span class='ocrx_word' id='word_1_86' title='bbox 462 1710 466 1796; x_wconf 60' lang='grc' dir='ltr'><strong><em>γ</em></strong></span> <span class='ocrx_word' id='word_1_87' title='bbox 479 1707 735 1800; x_wconf 61' lang='grc' dir='ltr'><strong>ὖέυΙέῦγ-’.υ-</strong></span> 
     </span>
    </p>
   </div>
   <div class='ocr_carea' id='block_1_4' title="bbox 353 1803 1101 1904">
    <p class='ocr_par' dir='ltr' id='par_1_6' title="bbox 353 1803 1101 1904">
     <span class='ocr_line' id='line_1_14' title="bbox 353 1803 1101 1904; baseline 0 -24"><span class='ocrx_word' id='word_1_88' title='bbox 353 1803 426 1880; x_wconf 84' lang='grc' dir='ltr'><strong><em>οἷόν</em></strong></span> <span class='ocrx_word' id='word_1_89' title='bbox 440 1811 477 1880; x_wconf 76' lang='grc' dir='ltr'><strong>τέ</strong></span> <span class='ocrx_word' id='word_1_90' title='bbox 490 1835 552 1896; x_wconf 84' lang='grc' dir='ltr'><strong><em>μοι</em></strong></span> <span class='ocrx_word' id='word_1_91' title='bbox 566 1809 657 1890; x_wconf 72' lang='grc' dir='ltr'><strong><em>εόςά</em></strong></span> <span class='ocrx_word' id='word_1_92' title='bbox 674 1811 757 1881; x_wconf 75' lang='grc' dir='ltr'><strong><em>ἐστι’·</em></strong></span> <span class='ocrx_word' id='word_1_93' title='bbox 781 1818 921 1904; x_wconf 70' lang='grc' dir='ltr'><strong><em>θνητοῖς</em></strong></span> <span class='ocrx_word' id='word_1_94' title='bbox 935 1813 996 1903; x_wconf 82' lang='grc' dir='ltr'><strong>γὰρ</strong></span> <span class='ocrx_word' id='word_1_95' title='bbox 1012 1815 1101 1903; x_wconf 86' lang='grc' dir='ltr'><strong><em>γε’ρα.</em></strong></span> 
     </span>
    </p>
   </div>
   <div class='ocr_carea' id='block_1_5' title="bbox 266 2003 1350 3128">
    <p class='ocr_par' dir='ltr' id='par_1_7' title="bbox 266 2003 1350 2607">
     <span class='ocr_line' id='line_1_15' title="bbox 352 2003 1350 2090; baseline -0.002 -20"><span class='ocrx_word' id='word_1_96' title='bbox 352 2007 376 2088; x_wconf 59' lang='grc' dir='ltr'>ὅ</span> <span class='ocrx_word' id='word_1_97' title='bbox 389 2003 445 2070; x_wconf 82' lang='grc'><strong>63.</strong></span> <span class='ocrx_word' id='word_1_98' title='bbox 479 2006 572 2069; x_wconf 83' lang='lat' dir='ltr'><strong>Aliud</strong></span> <span class='ocrx_word' id='word_1_99' title='bbox 587 2026 684 2088; x_wconf 82' lang='lat' dir='ltr'><strong>genus</strong></span> <span class='ocrx_word' id='word_1_100' title='bbox 699 2003 836 2072; x_wconf 91' lang='lat' dir='ltr'><strong>adscitae</strong></span> <span class='ocrx_word' id='word_1_101' title='bbox 851 2028 996 2071; x_wconf 88' lang='lat' dir='ltr'><strong>caesurae</strong></span> <span class='ocrx_word' id='word_1_102' title='bbox 1012 2009 1090 2071; x_wconf 92' lang='lat' dir='ltr'><strong>illud</strong></span> <span class='ocrx_word' id='word_1_103' title='bbox 1105 2019 1168 2090; x_wconf 89' lang='lat' dir='ltr'><strong>est,</strong></span> <span class='ocrx_word' id='word_1_104' title='bbox 1193 2028 1256 2090; x_wconf 91' lang='lat' dir='ltr'><strong>quo</strong></span> <span class='ocrx_word' id='word_1_105' title='bbox 1271 2008 1350 2070; x_wconf 91' lang='lat' dir='ltr'><strong>inci-</strong></span> 
     </span>
     <span class='ocr_line' id='line_1_16' title="bbox 268 2111 1350 2194; baseline -0.003 -21"><span class='ocrx_word' id='word_1_106' title='bbox 268 2113 353 2173; x_wconf 92' lang='lat' dir='ltr'><strong>sione</strong></span> <span class='ocrx_word' id='word_1_107' title='bbox 375 2111 425 2172; x_wconf 89' lang='lat' dir='ltr'><strong>vel</strong></span> <span class='ocrx_word' id='word_1_108' title='bbox 447 2111 552 2190; x_wconf 93' lang='lat' dir='ltr'><strong>paullo</strong></span> <span class='ocrx_word' id='word_1_109' title='bbox 574 2121 645 2172; x_wconf 90' lang='lat' dir='ltr'><strong>ante</strong></span> <span class='ocrx_word' id='word_1_110' title='bbox 667 2112 760 2172; x_wconf 87' lang='lat' dir='ltr'><strong>finem</strong></span> <span class='ocrx_word' id='word_1_111' title='bbox 783 2132 908 2193; x_wconf 80' lang='lat' dir='ltr'><strong>versuS,</strong></span> <span class='ocrx_word' id='word_1_112' title='bbox 939 2115 987 2174; x_wconf 90' lang='lat' dir='ltr'><strong>vel</strong></span> <span class='ocrx_word' id='word_1_113' title='bbox 1014 2113 1120 2194; x_wconf 92' lang='lat' dir='ltr'><strong>paullo</strong></span> <span class='ocrx_word' id='word_1_114' title='bbox 1141 2124 1210 2194; x_wconf 89' lang='lat' dir='ltr'><strong>post</strong></span> <span class='ocrx_word' id='word_1_115' title='bbox 1232 2114 1350 2174; x_wconf 90' lang='lat' dir='ltr'><strong>initium</strong></span> 
     </span>
     <span class='ocr_line' id='line_1_17' title="bbox 268 2214 1350 2296; baseline -0.002 -20"><span class='ocrx_word' id='word_1_116' title='bbox 268 2215 427 2295; x_wconf 82' lang='lat' dir='ltr'><strong>sequentis</strong></span> <span class='ocrx_word' id='word_1_117' title='bbox 443 2232 553 2276; x_wconf 88' lang='lat' dir='ltr'><strong>versus</strong></span> <span class='ocrx_word' id='word_1_118' title='bbox 576 2214 671 2295; x_wconf 86' lang='lat' dir='ltr'><strong>iacta,</strong></span> <span class='ocrx_word' id='word_1_119' title='bbox 698 2235 783 2278; x_wconf 89' lang='lat' dir='ltr'><strong>nunc</strong></span> <span class='ocrx_word' id='word_1_120' title='bbox 804 2217 912 2295; x_wconf 89' lang='lat' dir='ltr'><strong>prioris</strong></span> <span class='ocrx_word' id='word_1_121' title='bbox 927 2234 1036 2278; x_wconf 90' lang='lat' dir='ltr'><strong>versus</strong></span> <span class='ocrx_word' id='word_1_122' title='bbox 1060 2217 1178 2296; x_wconf 91' lang='lat' dir='ltr'><strong>reliqua</strong></span> <span class='ocrx_word' id='word_1_123' title='bbox 1194 2236 1266 2296; x_wconf 87' lang='lat' dir='ltr'><strong>pars</strong></span> <span class='ocrx_word' id='word_1_124' title='bbox 1282 2233 1350 2276; x_wconf 90' lang='lat' dir='ltr'><strong>cum</strong></span> 
     </span>
     <span class='ocr_line' id='line_1_18' title="bbox 268 2320 1350 2402; baseline -0.002 -22"><span class='ocrx_word' id='word_1_125' title='bbox 268 2327 417 2399; x_wconf 87' lang='lat' dir='ltr'><strong>sequente</strong></span> <span class='ocrx_word' id='word_1_126' title='bbox 433 2337 537 2396; x_wconf 89' lang='lat' dir='ltr'><strong>versu,</strong></span> <span class='ocrx_word' id='word_1_127' title='bbox 554 2336 637 2380; x_wconf 89' lang='lat' dir='ltr'><strong>nunc</strong></span> <span class='ocrx_word' id='word_1_128' title='bbox 651 2321 751 2400; x_wconf 92' lang='lat' dir='ltr'><strong>prima</strong></span> <span class='ocrx_word' id='word_1_129' title='bbox 766 2339 837 2400; x_wconf 89' lang='lat' dir='ltr'><strong>pars</strong></span> <span class='ocrx_word' id='word_1_130' title='bbox 854 2320 1028 2400; x_wconf 90' lang='lat' dir='ltr'><strong>posterioris</strong></span> <span class='ocrx_word' id='word_1_131' title='bbox 1044 2338 1155 2382; x_wconf 84' lang='lat' dir='ltr'><strong>versus</strong></span> <span class='ocrx_word' id='word_1_132' title='bbox 1170 2339 1241 2382; x_wconf 93' lang='lat' dir='ltr'><strong>cum</strong></span> <span class='ocrx_word' id='word_1_133' title='bbox 1257 2338 1350 2402; x_wconf 88' lang='lat' dir='ltr'><strong>prae-</strong></span> 
     </span>
     <span class='ocr_line' id='line_1_19' title="bbox 267 2421 1350 2504; baseline -0.001 -21"><span class='ocrx_word' id='word_1_134' title='bbox 267 2422 396 2486; x_wconf 84' lang='lat' dir='ltr'><strong>cedente</strong></span> <span class='ocrx_word' id='word_1_135' title='bbox 418 2440 512 2484; x_wconf 86' lang='lat' dir='ltr'><strong>versu</strong></span> <span class='ocrx_word' id='word_1_136' title='bbox 534 2422 744 2502; x_wconf 89' lang='lat' dir='ltr'><strong>continuatur,</strong></span> <span class='ocrx_word' id='word_1_137' title='bbox 771 2432 807 2484; x_wconf 92' lang='lat' dir='ltr'><strong>ut</strong></span> <span class='ocrx_word' id='word_1_138' title='bbox 827 2424 859 2483; x_wconf 90' lang='lat' dir='ltr'><strong>in</strong></span> <span class='ocrx_word' id='word_1_139' title='bbox 883 2421 1012 2484; x_wconf 90' lang='lat' dir='ltr'><strong>iambico</strong></span> <span class='ocrx_word' id='word_1_140' title='bbox 1035 2424 1172 2492; x_wconf 88' lang='lat' dir='ltr'><strong>trimetro</strong></span> <span class='ocrx_word' id='word_1_141' title='bbox 1190 2423 1276 2504; x_wconf 93' lang='lat' dir='ltr'><strong>apud</strong></span> <span class='ocrx_word' id='word_1_142' title='bbox 1291 2424 1350 2484; x_wconf 86' lang='lat' dir='ltr'><strong>So-</strong></span> 
     </span>
     <span class='ocr_line' id='line_1_20' title="bbox 266 2524 625 2607; baseline 0 -20"><span class='ocrx_word' id='word_1_143' title='bbox 266 2525 407 2607; x_wconf 91' lang='lat' dir='ltr'><strong>phoclem</strong></span> <span class='ocrx_word' id='word_1_144' title='bbox 423 2524 499 2588; x_wconf 89' lang='lat' dir='ltr'><strong>Oed.</strong></span> <span class='ocrx_word' id='word_1_145' title='bbox 519 2526 554 2585; x_wconf 86' lang='lat' dir='ltr'><strong>R.</strong></span> <span class='ocrx_word' id='word_1_146' title='bbox 575 2527 625 2587; x_wconf 77' lang='lat'><strong>29.</strong></span> 
     </span>
    </p>

    <p class='ocr_par' dir='ltr' id='par_1_8' title="bbox 352 2613 1136 2714">
     <span class='ocr_line' id='line_1_21' title="bbox 352 2613 1136 2714; baseline 0.005 -26"><span class='ocrx_word' id='word_1_147' title='bbox 352 2618 411 2713; x_wconf 77' lang='grc' dir='ltr'><strong>ὑφ’</strong></span> <span class='ocrx_word' id='word_1_148' title='bbox 428 2613 468 2689; x_wconf 80' lang='grc' dir='ltr'><strong><em>οὗ</em></strong></span> <span class='ocrx_word' id='word_1_149' title='bbox 481 2627 637 2689; x_wconf 82' lang='grc' dir='ltr'><strong><em>κενοῖται</em></strong></span> <span class='ocrx_word' id='word_1_150' title='bbox 652 2625 749 2707; x_wconf 84' lang='grc' dir='ltr'><strong><em>δοῖμα</em></strong></span> <span class='ocrx_word' id='word_1_151' title='bbox 765 2625 949 2710; x_wconf 84' lang='grc' dir='ltr'><strong><em>Καόμεῖον,</em></strong></span> <span class='ocrx_word' id='word_1_152' title='bbox 967 2627 972 2714; x_wconf 71' lang='lat' dir='ltr'><strong>l</strong></span> <span class='ocrx_word' id='word_1_153' title='bbox 987 2619 1136 2710; x_wconf 73' lang='grc' dir='ltr'><strong><em>μέλαςά</em></strong></span> 
     </span>
    </p>

    <p class='ocr_par' dir='ltr' id='par_1_9' title="bbox 267 2719 1096 2895">
     <span class='ocr_line' id='line_1_22' title="bbox 353 2719 1096 2815; baseline 0.004 -25"><span class='ocrx_word' id='word_1_154' title='bbox 353 2719 468 2814; x_wconf 77' lang='grc' dir='ltr'><strong><em>Ἅιδης</em></strong></span> <span class='ocrx_word' id='word_1_155' title='bbox 483 2731 678 2814; x_wconf 76' lang='grc' dir='ltr'><strong><em>στεναγμοῖς</em></strong></span> <span class='ocrx_word' id='word_1_156' title='bbox 692 2727 750 2794; x_wconf 80' lang='grc' dir='ltr'><strong>καὶ</strong></span> <span class='ocrx_word' id='word_1_157' title='bbox 765 2724 858 2815; x_wconf 86' lang='grc' dir='ltr'><strong><em>γόοις</em></strong></span> <span class='ocrx_word' id='word_1_158' title='bbox 871 2723 1096 2812; x_wconf 81' lang='grc' dir='ltr'><strong><em>πλουτίζεται.</em></strong></span> 
     </span>
     <span class='ocr_line' id='line_1_23' title="bbox 267 2833 774 2895; baseline 0 -1"><span class='ocrx_word' id='word_1_159' title='bbox 267 2843 299 2895; x_wconf 92' lang='lat' dir='ltr'><strong>et</strong></span> <span class='ocrx_word' id='word_1_160' title='bbox 313 2836 345 2894; x_wconf 89' lang='lat' dir='ltr'><strong>in</strong></span> <span class='ocrx_word' id='word_1_161' title='bbox 361 2833 438 2894; x_wconf 91' lang='lat' dir='ltr'><strong>Oed.</strong></span> <span class='ocrx_word' id='word_1_162' title='bbox 458 2834 521 2895; x_wconf 87' lang='lat' dir='ltr'><strong>Col.</strong></span> <span class='ocrx_word' id='word_1_163' title='bbox 543 2835 635 2895; x_wconf 83' lang='lat' dir='ltr'><strong>ttct.</strong></span> <span class='ocrx_word' id='word_1_164' title='bbox 770 2833 774 2840; x_wconf 83' lang='lat'>&#39;</span> 
     </span>
    </p>

    <p class='ocr_par' dir='ltr' id='par_1_10' title="bbox 354 2927 1104 3022">
     <span class='ocr_line' id='line_1_24' title="bbox 354 2927 1104 3022; baseline 0.003 -24"><span class='ocrx_word' id='word_1_165' title='bbox 354 2931 410 2998; x_wconf 81' lang='lat' dir='ltr'><strong>coi</strong></span> <span class='ocrx_word' id='word_1_166' title='bbox 425 2930 529 3022; x_wconf 82' lang='grc' dir='ltr'><strong><em>φασὶν</em></strong></span> <span class='ocrx_word' id='word_1_167' title='bbox 544 2927 645 2999; x_wconf 75' lang='grc' dir='ltr'><strong><em>αὐτὸν</em></strong></span> <span class='ocrx_word' id='word_1_168' title='bbox 661 2931 695 3010; x_wconf 77' lang='grc' dir='ltr'><strong>ἐς</strong></span> <span class='ocrx_word' id='word_1_169' title='bbox 709 2930 828 3022; x_wconf 82' lang='grc' dir='ltr'><strong><em>λόγους</em></strong></span> <span class='ocrx_word' id='word_1_170' title='bbox 843 2932 958 3002; x_wconf 79' lang='grc' dir='ltr'><strong><em>ἐλθεῖν</em></strong></span> <span class='ocrx_word' id='word_1_171' title='bbox 970 2928 1104 3019; x_wconf 83' lang='grc' dir='ltr'><strong><em>μολόντ’</em></strong></span> 
     </span>
    </p>

    <p class='ocr_par' dir='ltr' id='par_1_11' title="bbox 354 3030 1186 3128">
     <span class='ocr_line' id='line_1_25' title="bbox 354 3030 1186 3128; baseline 0.004 -28"><span class='ocrx_word' id='word_1_172' title='bbox 354 3031 474 3116; x_wconf 79' lang='grc' dir='ltr'><strong><em>αἰτεῖν,</em></strong></span> <span class='ocrx_word' id='word_1_173' title='bbox 492 3037 495 3120; x_wconf 72' lang='lat' dir='ltr'><strong>l</strong></span> <span class='ocrx_word' id='word_1_174' title='bbox 514 3030 680 3102; x_wconf 64' lang='grc' dir='ltr'><strong><em>ἀπελθεῖν</em></strong></span> <span class='ocrx_word' id='word_1_175' title='bbox 693 3031 722 3104; x_wconf 63' lang='grc' dir='ltr'><strong>τ)</strong></span> <span class='ocrx_word' id='word_1_176' title='bbox 740 3031 902 3127; x_wconf 80' lang='grc' dir='ltr'><strong><em>ἀσφαλῶς</em></strong></span> <span class='ocrx_word' id='word_1_177' title='bbox 917 3043 975 3128; x_wconf 80' lang='grc' dir='ltr'><strong>τῆς</strong></span> <span class='ocrx_word' id='word_1_178' title='bbox 990 3031 1078 3126; x_wconf 80' lang='grc' dir='ltr'><strong><em>δεῦρ’</em></strong></span> <span class='ocrx_word' id='word_1_179' title='bbox 1094 3033 1186 3106; x_wconf 82' lang='grc' dir='ltr'><strong><em>ὁδοῦ.</em></strong></span> 
     </span>
    </p>
   </div>
   <div class='ocr_carea' id='block_1_6' title="bbox 267 3219 1439 3600">
    <p class='ocr_par' dir='ltr' id='par_1_12' title="bbox 267 3219 1439 3600">
     <span class='ocr_line' id='line_1_26' title="bbox 353 3219 1349 3310; baseline -0.004 -18"><span class='ocrx_word' id='word_1_180' title='bbox 353 3219 447 3310; x_wconf 63' lang='grc' dir='ltr'><strong>ξ64.</strong></span> <span class='ocrx_word' id='word_1_181' title='bbox 480 3226 547 3290; x_wconf 92' lang='lat' dir='ltr'><strong>Non</strong></span> <span class='ocrx_word' id='word_1_182' title='bbox 570 3240 651 3291; x_wconf 87' lang='lat' dir='ltr'><strong>recte</strong></span> <span class='ocrx_word' id='word_1_183' title='bbox 665 3231 793 3309; x_wconf 89' lang='lat' dir='ltr'><strong>quidam</strong></span> <span class='ocrx_word' id='word_1_184' title='bbox 808 3250 967 3293; x_wconf 90' lang='lat' dir='ltr'><strong>caesuram</strong></span> <span class='ocrx_word' id='word_1_185' title='bbox 983 3241 1093 3293; x_wconf 89' lang='lat' dir='ltr'><strong>vocant</strong></span> <span class='ocrx_word' id='word_1_186' title='bbox 1108 3233 1349 3294; x_wconf 90' lang='lat' dir='ltr'><strong>terminationem</strong></span> 
     </span>
     <span class='ocr_line' id='line_1_27' title="bbox 267 3332 1349 3415; baseline 0.002 -23"><span class='ocrx_word' id='word_1_187' title='bbox 267 3332 409 3398; x_wconf 86' lang='lat' dir='ltr'><strong>vocabuli</strong></span> <span class='ocrx_word' id='word_1_188' title='bbox 430 3334 463 3394; x_wconf 92' lang='lat' dir='ltr'><strong>in</strong></span> <span class='ocrx_word' id='word_1_189' title='bbox 486 3332 587 3394; x_wconf 91' lang='lat' dir='ltr'><strong>medio</strong></span> <span class='ocrx_word' id='word_1_190' title='bbox 608 3333 690 3415; x_wconf 88' lang='lat' dir='ltr'><strong>pede</strong></span> <span class='ocrx_word' id='word_1_191' title='bbox 712 3336 906 3415; x_wconf 85' lang='lat' dir='ltr'><strong>maximeque</strong></span> <span class='ocrx_word' id='word_1_192' title='bbox 929 3338 959 3397; x_wconf 93' lang='lat' dir='ltr'><strong>in</strong></span> <span class='ocrx_word' id='word_1_193' title='bbox 983 3337 1065 3398; x_wconf 80' lang='lat' dir='ltr'><strong>arsi·</strong></span> <span class='ocrx_word' id='word_1_194' title='bbox 1091 3337 1130 3399; x_wconf 87' lang='lat' dir='ltr'><strong>Vt</strong></span> <span class='ocrx_word' id='word_1_195' title='bbox 1154 3354 1252 3415; x_wconf 91' lang='lat' dir='ltr'><strong>quum</strong></span> <span class='ocrx_word' id='word_1_196' title='bbox 1278 3353 1349 3396; x_wconf 89' lang='lat' dir='ltr'><strong>cae-</strong></span> 
     </span>
     <span class='ocr_line' id='line_1_28' title="bbox 269 3435 1439 3520; baseline -0.003 -24"><span class='ocrx_word' id='word_1_197' title='bbox 269 3454 360 3497; x_wconf 91' lang='lat' dir='ltr'><strong>surae</strong></span> <span class='ocrx_word' id='word_1_198' title='bbox 376 3437 405 3499; x_wconf 91' lang='lat' dir='ltr'><strong>vi</strong></span> <span class='ocrx_word' id='word_1_199' title='bbox 427 3436 539 3500; x_wconf 90' lang='lat' dir='ltr'><strong>breves</strong></span> <span class='ocrx_word' id='word_1_200' title='bbox 554 3437 690 3517; x_wconf 78' lang='lat' dir='ltr'><strong>syllabas</strong></span> <span class='ocrx_word' id='word_1_201' title='bbox 706 3437 835 3519; x_wconf 89' lang='lat' dir='ltr'><strong>produci</strong></span> <span class='ocrx_word' id='word_1_202' title='bbox 850 3441 954 3519; x_wconf 90' lang='lat' dir='ltr'><strong>aiunt,</strong></span> <span class='ocrx_word' id='word_1_203' title='bbox 981 3439 1064 3520; x_wconf 88' lang='lat' dir='ltr'><strong>quod</strong></span> <span class='ocrx_word' id='word_1_204' title='bbox 1086 3441 1177 3520; x_wconf 90' lang='lat' dir='ltr'><strong>quale</strong></span> <span class='ocrx_word' id='word_1_205' title='bbox 1193 3441 1248 3519; x_wconf 84' lang='lat' dir='ltr'><strong>sit,</strong></span> <span class='ocrx_word' id='word_1_206' title='bbox 1274 3435 1347 3497; x_wconf 88' lang='lat' dir='ltr'><strong>inira</strong></span> <span class='ocrx_word' id='word_1_207' title='bbox 1438 3485 1439 3510; x_wconf 82' lang='lat'><strong>,</strong></span> 
     </span>
     <span class='ocr_line' id='line_1_29' title="bbox 269 3539 398 3600; baseline -0.008 0"><span class='ocrx_word' id='word_1_208' title='bbox 269 3539 398 3600; x_wconf 90' lang='lat' dir='ltr'><strong>dicetur.</strong></span> 
     </span>
    </p>
   </div>
   <div class='ocr_carea' id='block_1_7' title="bbox 656 3664 964 3672">
    <p class='ocr_par' dir='ltr' id='par_1_13' title="bbox 656 3664 964 3672">
     <span class='ocr_line' id='line_1_30' title="bbox 656 3664 964 3672; baseline 0.006 -2"><span class='ocrx_word' id='word_1_209' title='bbox 656 3664 964 3672; x_wconf 68' lang='lat'><strong>———</strong></span> 
     </span>
    </p>
   </div>
   <div class='ocr_carea' id='block_1_8' title="bbox 564 3821 1053 4056">
    <p class='ocr_par' dir='ltr' id='par_1_14' title="bbox 564 3821 1053 4056">
     <span class='ocr_line' id='line_1_31' title="bbox 706 3821 908 3896; baseline 0.015 -3"><span class='ocrx_word' id='word_1_210' title='bbox 706 3822 817 3895; x_wconf 79' lang='lat' dir='ltr'><strong>cAP.</strong></span> <span class='ocrx_word' id='word_1_211' title='bbox 836 3821 908 3896; x_wconf 76' lang='lat' dir='ltr'><strong>[X.</strong></span> 
     </span>
     <span class='ocr_line' id='line_1_32' title="bbox 564 3957 1053 4056; baseline 0.01 -30"><span class='ocrx_word' id='word_1_212' title='bbox 564 3957 623 4027; x_wconf 90' lang='lat' dir='ltr'><strong>De</strong></span> <span class='ocrx_word' id='word_1_213' title='bbox 650 3960 824 4052; x_wconf 82' lang='lat' dir='ltr'><strong>syllaba</strong></span> <span class='ocrx_word' id='word_1_214' title='bbox 850 3961 1053 4056; x_wconf 69' lang='lat' dir='ltr'><strong>ancipiti:</strong></span> 
     </span>
    </p>
   </div>
   <div class='ocr_carea' id='block_1_9' title="bbox 270 4104 1394 4298">
    <p class='ocr_par' dir='ltr' id='par_1_15' title="bbox 270 4104 1394 4298">
     <span class='ocr_line' id='line_1_33' title="bbox 354 4104 1394 4200; baseline 0.01 -29"><span class='ocrx_word' id='word_1_215' title='bbox 354 4105 453 4190; x_wconf 63' lang='lat'><strong>565.</strong></span> <span class='ocrx_word' id='word_1_216' title='bbox 490 4109 615 4189; x_wconf 87' lang='lat' dir='ltr'><strong>Syllaba</strong></span> <span class='ocrx_word' id='word_1_217' title='bbox 638 4131 787 4193; x_wconf 89' lang='lat' dir='ltr'><strong>anceps</strong></span> <span class='ocrx_word' id='word_1_218' title='bbox 810 4115 875 4174; x_wconf 84' lang='lat' dir='ltr'><strong>sive</strong></span> <span class='ocrx_word' id='word_1_219' title='bbox 897 4104 1088 4200; x_wconf 71' lang='grc' dir='ltr'><strong><em>ἀδιάφορος</em></strong></span> <span class='ocrx_word' id='word_1_220' title='bbox 1108 4135 1145 4176; x_wconf 89' lang='lat' dir='ltr'><strong>ea</strong></span> <span class='ocrx_word' id='word_1_221' title='bbox 1168 4125 1231 4195; x_wconf 88' lang='lat' dir='ltr'><strong>est,</strong></span> <span class='ocrx_word' id='word_1_222' title='bbox 1262 4109 1346 4172; x_wconf 79' lang='lat' dir='ltr'><strong>cuius</strong></span> <span class='ocrx_word' id='word_1_223' title='bbox 1391 4174 1394 4181; x_wconf 94' lang='lat'>.</span> 
     </span>
     <span class='ocr_line' id='line_1_34' title="bbox 270 4213 1347 4298; baseline 0.006 -27"><span class='ocrx_word' id='word_1_224' title='bbox 270 4231 412 4275; x_wconf 86' lang='lat' dir='ltr'><strong>rnensura</strong></span> <span class='ocrx_word' id='word_1_225' title='bbox 429 4214 503 4274; x_wconf 91' lang='lat' dir='ltr'><strong>nihil</strong></span> <span class='ocrx_word' id='word_1_226' title='bbox 521 4213 612 4275; x_wconf 79' lang='lat' dir='ltr'><strong>refert</strong></span> <span class='ocrx_word' id='word_1_227' title='bbox 628 4226 732 4276; x_wconf 92' lang='lat' dir='ltr'><strong>utrum</strong></span> <span class='ocrx_word' id='word_1_228' title='bbox 757 4217 845 4296; x_wconf 82' lang='lat' dir='ltr'><strong>longa</strong></span> <span class='ocrx_word' id='word_1_229' title='bbox 862 4218 903 4278; x_wconf 92' lang='lat' dir='ltr'><strong>sit</strong></span> <span class='ocrx_word' id='word_1_230' title='bbox 924 4237 963 4278; x_wconf 90' lang='lat' dir='ltr'><strong>an</strong></span> <span class='ocrx_word' id='word_1_231' title='bbox 985 4218 1099 4280; x_wconf 89' lang='lat' dir='ltr'><strong>brevis.</strong></span> <span class='ocrx_word' id='word_1_232' title='bbox 1133 4219 1279 4298; x_wconf 80' lang='lat' dir='ltr'><strong>Apertum</strong></span> <span class='ocrx_word' id='word_1_233' title='bbox 1301 4216 1347 4271; x_wconf 76' lang='lat' dir='ltr'><strong>esi</strong></span> 
     </span>
    </p>
   </div>
   <div class='ocr_carea' id='block_1_10' title="bbox 0 0 1474 4962">
    <p class='ocr_par' dir='ltr' id='par_1_16' title="bbox 0 0 1474 4962">
     <span class='ocr_line' id='line_1_35' title="bbox 0 0 1474 4962; baseline 0 0"><span class='ocrx_word' id='word_1_234' title='bbox 0 0 1474 4962; x_wconf 95' lang='lat' dir='ltr'><strong> </strong></span> 
     </span>
    </p>
   </div>
  </div>
 </body>
</html>
