2930 4962
342 375 379 416 nn
396 374 568 416 rnoomrois
586 375 785 418 rnrmnsrnrs
801 375 1013 418 onrmnormrs.
1095 356 1097 360 ’
1185 359 1225 420 39

218 526 242 607 ᾗ
260 523 346 612 121.
362 528 536 590 Solutiones
559 503 718 610 longarum
738 528 963 608 frequentiores
982 537 1062 592 sunt
1079 529 1111 588 in
1126 530 1225 607 primo

129 634 285 711 cuiusque
301 629 461 710 dipodiae‚
488 650 582 711 quam
605 634 638 694 in
658 630 796 694 secundo
811 631 909 711 pede,
936 633 1008 711 quia
1027 632 1155 697 suavius
1170 651 1225 694 re-

130 736 267 798 mittitur
282 735 329 796 vis
345 734 483 812 numeri,
509 753 603 814 quam
619 746 758 816 augetur.
794 733 959 814 Tragoedia
975 736 1140 813 recentior,
1160 743 1226 798 orta

130 841 216 900 eirca
223 837 272 900 Ol.
283 837 445 899 LXXXIX.
461 846 497 900 ut
507 839 631 900 omnino
647 840 847 920 negligentior
862 839 894 898 in
909 839 1057 916 numeris,
1077 840 1117 900 ila
1132 840 1226 900 ctiam

131 939 300 1003 immodica
315 941 347 1000 in
362 940 568 1004 solutionibus
582 951 645 1020 est,
671 951 706 1004 ut
727 940 805 1004 adeo
828 939 998 1020 disyllabas
1014 961 1106 1006 voces
1118 944 1149 1006 in
1165 945 1226 1006 tri-

132 1045 286 1108 brachum
302 1041 486 1106 admitteret.
521 1045 626 1126 Eurip.
647 1046 699 1107 Or.
721 1045 793 1106 7³6.

220 1149 367 1238 χρόνιος·
384 1143 456 1216 ἀλλ’
472 1147 563 1235 ὅμως
576 1149 717 1235 τάχιοτα
732 1147 835 1229 κακὸς
849 1147 1014 1241 ἐφωράθη
1030 1148 1155 1242 φίλοις.

133 1270 203 1332 Non
219 1269 277 1329 hoc
290 1265 489 1330 indulsercmt
510 1267 570 1330 sibi
586 1271 790 1350 antiquiores,
815 1269 876 1329 nisi
896 1270 927 1329 in
948 1269 1226 1351 praepositionibus

132 1383 164 1434 et
180 1372 250 1432 aliis
266 1370 456 1450 quibusdam
473 1380 554 1434 arete
570 1374 742 1436 coniunctis
754 1371 869 1450 verbis,
890 1382 925 1434 ut
940 1365 999 1434 dcci
1014 1373 1134 1450 κακῶν,
1151 1367 1171 1434 d
1186 1369 1225 1437 dd

133 1468 276 1564 τοιόςὸι.
314 1473 381 1534 Non
401 1492 586 1538 numerosus
607 1485 654 1538 est
677 1477 851 1557 Epicharmi
873 1493 981 1538 versus
1003 1475 1088 1555 apud
1109 1472 1220 1538 Athen.

136 1580 196 1642 ui.
217 1597 249 1657 p.
264 1577 336 1637 ets.
356 1577 387 1638 r.

220 1676 516 1771 μεγαλοχάσμονάς
529 1710 566 1752 te
580 1679 699 1769 χάννας
719 1681 1094 1776 κήκτραπελογάστορας
1114 1681 1221 1767 ὅνους.

133 1799 340 1864 Scribendum
363 1792 749 1888 κήκτραπελογάσιρουςε
775 1802 814 1866 cl.
841 1803 936 1866 Clem.
962 1801 1048 1866 Alex.
1075 1806 1221 1886 Protrept.

136 1907 172 1966 n.
188 1907 215 1965 ι.
233 1923 264 1985 p.
280 1903 350 1964 tac.

225 2105 338 2190 5122.
373 2111 513 2190 Tragicos
536 2122 607 2174 ante
632 2112 770 2175 ultimam
793 2112 949 2192 dipodiam
972 2133 1031 2175 non
1061 2117 1225 2179 terminare
1295 2127 1297 2132 '

142 2213 267 2276 verbum
283 2213 482 2294 expluribus
498 2215 627 2294 syllabis
643 2223 786 2280 constans
801 2218 833 2278 in
846 2215 998 2296 syllabam
1014 2218 1144 2298 longam,
1163 2219 1225 2280 ob-

135 2318 272 2380 servavit
283 2317 434 2379 Porsonus
446 2317 478 2378 in
489 2319 585 2399 prael.
601 2319 642 2381 ad
654 2321 760 2401 Eurip.
777 2320 846 2380 llec.
863 2338 894 2399 p.
909 2323 958 2381 43.
987 2321 1100 2382 Comici
1116 2320 1149 2382 id
1163 2341 1225 2382 non

134 2421 281 2484 dubitant
295 2418 411 2498 lacere,
431 2430 466 2482 ut
480 2418 634 2502 Aristoph.
668 2421 750 2484 Nub.
770 2421 842 2484 577.

223 2529 368 2596 πλεῖστα
384 2523 445 2614 γὰρ
461 2533 554 2597 θεῶν
567 2524 727 2599 ἁπάντων
742 2523 954 2619 ὠφελούσαις
968 2525 1029 2617 τὴν
1046 2519 1154 2596 πόλιν.

134 2648 168 2706 ln
185 2645 294 2723 Eurip.
317 2644 382 2710 Hel.
404 2643 496 2706 itit.

225 2741 325 2839 οἷπερ
339 2747 360 2839 ἡ
376 2747 452 2839 δίκη
467 2748 593 2818 κελεύει
607 2747 653 2834 μ’·
668 2745 740 2816 ἀλλ’
757 2745 945 2842 ἄφίοιαοθ’
961 2750 1125 2835 ἐκποδών,

137 2857 300 2954 ἅφίοταο’
323 2865 521 2928 scribendum
546 2869 668 2948 putavit
683 2869 851 2948 Persaeus,
879 2868 933 2931 ubi
956 2877 1059 2930 mmen
1084 2871 1222 2949 sortasse,

138 2983 173 3034 ut
188 2973 219 3033 in
237 2973 375 3033 trimetro
390 2970 520 3031 iambico
542 2971 621 3032 inira
644 2971 861 3051 ostendemuS‚
889 2975 1095 3052 interpunctio
1118 2976 1222 3052 maior,

139 3095 218 3155 quae
235 3072 402 3154 praecedit,
422 3075 650 3136 exeusationem
666 3076 762 3140 affert.

225 3279 255 3362 ξι
267 3277 342 3344 lta.
369 3280 531 3358 Daotylum
554 3281 766 3362 iambographi
784 3292 817 3345 et
837 3286 943 3364 tragici
966 3303 1028 3344 non
1045 3285 1103 3343 nisi
1119 3285 1150 3342 in
1166 3302 1227 3344 no-

141 3388 221 3446 mine
237 3385 362 3464 proprio
378 3381 586 3460 a'dmiserunt;
613 3395 644 3446 et
658 3388 808 3447 recentior
822 3385 947 3466 quIdem
964 3385 1118 3466 tragoedia
1133 3388 1227 3448 etiam

33 3497 37 3506 '
139 3489 199 3566 ibi,
220 3486 274 3549 ubi
289 3488 345 3548 alia
363 3487 559 3548 collocatione
577 3488 742 3550 verborum
757 3491 864 3550 evitari
880 3489 1021 3570 dactylus
1037 3499 1172 3570 poterat,
1193 3499 1227 3551 ut

142 3592 212 3653 Eur.
233 3591 285 3650 Or.
305 3592 397 3650 t5236.

227 3693 381 3784 σύγγονόν
395 3692 422 3761 ι’
440 3694 533 3785 ἐμήν,
558 3684 717 3786 Πυλάδην
731 3724 767 3766 ιε
782 3699 840 3766 τὸν
855 3697 936 3768 τάδε
957 3699 1143 3788 ξυνδρῶντά
1157 3724 1226 3784 μοι.

142 3813 289 3874 Eanrdem
313 3815 497 3874 comicorum
521 3813 616 3878 luisse
631 3818 825 3878 severitatem
846 3827 927 3879 recte
943 3813 1101 3880 contendit
1115 3819 1227 3880 Perso-

142 3935 200 3978 nus
215 3919 235 3978 l.
255 3917 276 3977 l.
297 3915 546 3997 emendandique
562 3928 636 3980 sunt
652 3937 759 3981 versus
776 3921 875 4001 qualis
891 3922 922 3982 in
939 3919 1070 3982 Acharn.
1093 3922 1164 3980 als.

226 4021 312 4109 ὑπὲρ
330 4021 484 4114 ἐπιξήνου
501 4023 635 4114 θελήσω
650 4023 707 4116 τὴν
722 4027 866 4118 κεφαλὴν
882 4025 963 4113 ἔριον
979 4025 1093 4115 λέγειν.

145 4141 196 4203 ubi
220 4151 324 4202 tanien
342 4141 538 4204 vehementer
558 4153 716 4222 errarunt,
742 4147 796 4224 qui
811 4139 929 4230 κοβλὴν
947 4145 1042 4215 scribi
1055 4147 1222 4208 iusserunt.

143 4245 207 4304 Non
223 4245 327 4320 minus
343 4263 470 4312 severus
485 4244 747 4327 salapittarum
759 4269 764 4308 :
784 4247 840 4326 sed
853 4267 917 4319 uon
930 4251 1052 4323 suntin
1065 4250 1136 4315 eius
1151 4267 1228 4311 ver-
