2922 4948
423 369 458 410 DE
474 366 631 413 sensnum
647 365 849 415 STROPEARVH.

529 527 640 599 csP.
658 528 747 598 XV.

309 664 369 733 De
395 661 639 755 generibus
667 662 962 756 stropharum.

178 813 302 898 5571.
342 815 597 896 stropharum
620 833 731 895 genera
754 825 828 878 sunt
850 823 1005 895 quattuor.
1044 817 1179 896 Veteres

87 939 154 981 non
170 921 341 983 numeratis
357 917 504 1001 epodis,
524 915 586 980 duo
600 928 729 997 ponunt,
748 928 784 980 ut
798 920 923 999 Dionys.
939 919 1005 980 lial.
1024 919 1063 981 de
1079 939 1178 1001 comp.

90 1024 181 1085 verb.
202 1043 228 1085 c.
251 1025 301 1086 ta.
340 1023 600 1103 corruptissimus
623 1021 707 1084 locus
733 1023 764 1082 in
790 1021 897 1103 fragm.
924 1041 993 1084 curn
1017 1023 1183 1086 Censorino

88 1127 142 1188 edi
166 1127 255 1188 solito
276 1145 303 1187 e.
324 1129 353 1188 9.
372 1146 403 1206 p.
426 1126 496 1187 llll.
523 1127 564 1187 ita
587 1123 802 1188 emendandus
821 1124 958 1188 videtur:
990 1124 1184 1189 Archilochus

87 1234 184 1292 etiem
200 1236 348 1292 commotu
364 1229 502 1294 versibus
518 1229 698 1311 applicando
713 1231 849 1296 carleuil
863 1231 979 1312 epcdis:
1002 1249 1059 1312 per
1074 1230 1183 1312 pluri-

91 1352 161 1398 mos
182 1333 296 1416 species
314 1334 409 1396 secuit
423 1329 549 1396 Alcman
568 1351 710 1398 numeros
729 1342 759 1397 et
776 1335 940 1397 imminuit:
970 1353 1092 1398 carmen
1114 1334 1184 1398 hinc

88 1439 227 1519 poeticae
249 1437 390 1500 melicae:
426 1456 463 1502 ac
489 1436 625 1500 Telesilla
647 1439 737 1500 etiem
761 1436 875 1519 Arpiva
895 1439 1071 1500 minutiores
1092 1437 1184 1503 edidit

89 1559 253 1603 numeros:
279 1559 357 1623 quae
378 1541 490 1622 speeies
512 1559 604 1622 quum
625 1541 687 1601 ium
703 1540 872 1623 displiceret
886 1549 914 1603 et
928 1544 1047 1624 ιἰιὶοροο
1063 1541 1184 1604 brevior

90 1645 265 1722 videretur,
290 1643 497 1726 mopniludine
520 1643 646 1706 lh'ndori
666 1643 789 1706 adserto
810 1652 867 1723 est,
895 1645 950 1728 qui
969 1646 1058 1708 etiam
1081 1645 1184 1708 liberis
1263 1704 1268 1723 ,

90 1749 231 1810 numeris
246 1748 348 1810 modos
363 1746 464 1809 edidit.
528 1813 530 1820 ,

180 1915 297 2000 §572
330 1919 497 1982 Primum
517 1929 549 1981 et
569 1921 817 2002 antiquissimum
840 1940 964 2002 genus
984 1921 1181 2004 stropha-

89 2044 176 2088 rum
199 2043 240 2084 en
254 2023 377 2086 duobus
394 2023 537 2086 versibus
551 2025 726 2104 constabat,
745 2045 807 2087 unc
823 2026 971 2106 longiora,
994 2027 1089 2088 nitere
1103 2026 1181 2088 bre-

90 2133 197 2191 viore:
226 2128 280 2208 qui
299 2128 443 2207 appellati
463 2137 538 2192 sunt
559 2127 683 2209 epodi,
710 2130 816 2191 Graeci
837 2119 967 2212 ἐπῳδοί
982 2149 1093 2210 genere
1109 2147 1181 2190 ma-

89 2215 229 2311 seuhno,
259 2250 320 2311 quo
346 2231 469 2293 nomine
490 2233 613 2313 proprie
636 2232 792 2294 secundus
815 2251 925 2294 versus
948 2231 1177 2313 designabatur.

90 2339 210 2398 Horum
226 2336 476 2416 antiquissimum
498 2345 546 2398 est
563 2355 687 2398 carmen
709 2337 950 2418 elegiacum,
974 2338 1042 2398 sive
1063 2336 1176 2414 elegi.

89 2439 178 2501 Alios
201 2438 315 2500 deinde
337 2457 448 2501 versus
470 2439 553 2502 hunc
579 2441 611 2501 in
637 2439 765 2502 modum
790 2441 946 2522 copulavit
967 2439 1176 2521 Archilochus,

90 2561 179 2604 nunc
195 2541 274 2604 duos
290 2543 445 2624 simplices
459 2561 570 2606 versus
585 2545 784 2624 coniungens,
804 2553 838 2606 ut

180 2653 289 2746 πάτερ
309 2657 491 2748 Λυκάμβα,
521 2662 624 2726 ποῖον
646 2657 781 2750 ἐφρδσω
802 2657 900 2743 τδδι,·

223 2760 276 2841 τίς
296 2761 360 2842 σὰς
379 2760 560 2853 παρήειριν
582 2761 722 2854 mplius,-

89 2907 178 2949 nunc
193 2887 243 2948 vel
260 2890 391 2967 priorem
407 2887 521 2950 iaciens
536 2898 758 2970 asynartetum,
780 2899 815 2951 ut

178 3005 273 3082 τοῖος
295 3002 355 3094 γὰρ
378 3001 557 3096 φιλότητος
580 3001 664 3094 ἔρως
683 3001 750 3073 ὑπὸ
773 3003 912 3100 καρδίην
933 2999 1082 3091 ἑλιχθεὶς

224 3105 352 3198 πολλὴν
373 3101 444 3174 κάτ’
467 3102 568 3196 ἀχλὺν
591 3103 748 3196 ὀμμάτων
770 3106 896 3196 iheum·

93 3234 142 3294 vel
159 3234 369 3314 posteriorem,
388 3233 472 3314 quod
487 3234 623 3297 imitatus
639 3246 687 3298 est
701 3238 860 3302 Horatius:

179 3354 307 3419 horrido
323 3361 480 3435 tempestus
495 3356 612 3419 caelum
628 3358 793 3435 contremit,
812 3363 841 3420 el
855 3355 965 3420 lueres

222 3459 366 3540 nivesque
381 3456 532 3522 deducunt
544 3461 663 3522 Iovem:
679 3477 760 3524 nunc
774 3478 870 3539 melre,
889 3478 970 3522 nunc
983 3459 1099 3540 siluam·

92 3599 177 3642 nune
191 3589 370 3660 utrumque,
389 3578 474 3659 quod
488 3577 560 3641 iecit
574 3579 766 3642 Simonides:

179 3691 325 3762 πολλάκι
349 3693 389 3786 δὴ
412 3696 519 3786 φυλῆς
539 3691 780 3779 Ἀκαμαντίδος
802 3694 836 3763 ἓν
855 3699 1005 3786 χοροῖσιν
1019 3688 1119 3785 Ὧραι

223 3793 434 3894 ἄνωλόλοξαν
454 3797 674 3889 κιοσοφόροις
696 3796 756 3867 inl
779 3799 1012 3890 διθυράμβοις.

37 3928 41 3934 “
92 3926 130 3987 Et
144 3935 181 3987 ut
197 3926 296 3986 minor
311 3943 420 3986 versus
435 3925 649 4006 praecederet,
672 3924 755 4006 quod
771 3945 868 4006 quum
885 3928 932 4006 iit,
958 3921 1116 4011 προῳδὸς
1130 3926 1179 3986 ille

90 4048 204 4110 genere
220 4029 389 4091 masculino
403 4027 530 4092 dicitur:

223 4151 309 4229 Pelii,
327 4150 404 4213 nihil
417 4169 473 4228 me,
491 4149 570 4212 sicut
584 4157 684 4230 antee,
704 4152 788 4214 iuuat

179 4254 312 4316 scrihere
327 4254 492 4318 versiculos
507 4272 610 4318 umore
623 4255 915 4336 percussuri-eruci.
