2896 4960
466 351 503 396 οε
518 349 651 398 musteus
668 349 830 394 eunomus.
1141 329 1199 392 159

200 503 318 587 5448.
351 506 543 568 Pentametro
571 503 746 565 catalectico
773 503 805 563 in
831 499 1026 580 trisyllabum
1056 517 1133 562 usus
1156 508 1204 561 est

54 649 60 660 .
113 611 330 692 Theopompus
346 611 377 670 in
392 599 537 670 Πεισίνε-

199 722 296 792 πάντ’
322 721 440 812 azyaco
456 722 497 814 δὴ
512 721 642 812 γέγονεν
658 717 817 809 ἀνδράσιν
833 719 915 810 ἐμῆς
929 715 1000 786 ἀπὸ
1016 716 1202 798 συνουσίας.

112 853 168 912 llic
184 869 309 932 quoquc
323 849 448 912 videtur
470 867 630 912 caesuram
653 849 685 909 in
708 845 838 909 secundi
859 845 948 930 pedis
965 846 1026 908 line
1041 846 1197 910 habuisse.

200 1055 314 1139 5449.
330 1055 842 1132 Quemadmodumcontractiones,
852 1063 888 1118 ut
899 1053 1128 1137 supradictum,
1139 1073 1201 1116 non

112 1161 249 1225 admittit
270 1165 328 1226 hoc
352 1171 484 1228 metrum
507 1179 563 1242 per
585 1161 706 1222 numeri
727 1159 826 1239 legeS,
854 1161 894 1221 ita
914 1159 1081 1222 solutiones
1097 1177 1200 1222 arseos

111 1287 215 1348 neque
231 1276 399 1348 nsuipatae
415 1276 498 1345 sunt,
517 1283 575 1326 neo
589 1271 757 1344 potuerunt
771 1265 925 1342 usurpari,
945 1265 970 1324 si
987 1271 1070 1324 recte
1085 1265 1201 1325 statui-

111 1391 183 1434 mus
199 1391 285 1435 arscs
305 1372 363 1433 tria
387 1379 523 1452 tempora
547 1367 671 1429 habere.
705 1365 931 1447 Elegantissimi
946 1385 1055 1430 versus
1078 1367 1199 1429 suntin

109 1473 326 1556 Aristophanis
341 1473 462 1538 Avibus
479 1475 550 1535 ato.

200 1584 278 1658 οὔτε
300 1589 361 1680 γὰρ
384 1583 463 1678 ἶν’ρος
478 1585 610 1676 σκιερὸν
633 1581 706 1654 εἴτε
729 1587 830 1679 νέφος
852 1583 1006 1678 οὐράνιον

198 1688 277 1762 othe
299 1691 421 1761 πολιὸν
443 1690 590 1781 πέλαγός
612 1689 710 1774 ἐστιν,
730 1687 750 1759 δ’
769 1717 803 1758 τι
826 1689 956 1773 δέξεται

197 1793 276 1864 τώδ’
293 1793 509 1888 ἀποφυγόντε
523 1821 576 1882 με.

110 1925 235 1998 Quibus
258 1926 311 2006 qui
341 1926 372 1986 in
395 1921 519 2002 stropha
542 1941 573 1984 v.
601 1923 673 1984 333.
701 1920 888 2004 respondere
911 1919 1043 2000 debent,
1073 1931 1198 2006 recepta

109 2029 292 2091 scholiastae
315 2025 538 2108 impeditiorem
554 2025 720 2090 verborum
740 2025 990 2105 compositionem
1006 2025 1199 2106 expedientis

108 2133 315 2214 explicatione
330 2131 517 2213 turpissimis
533 2128 736 2192 solutionibus
758 2127 888 2208 foedati,
908 2129 952 2189 sic
966 2127 1113 2192 videntur
1127 2151 1199 2194 cor-

108 2237 229 2318 rigendi
242 2256 326 2300 esse:

198 2351 234 2434 ἔς
254 2379 290 2422 τε
315 2346 414 2421 δόλον
439 2349 477 2430 ὃς
490 2346 524 2436 μ’
541 2349 697 2421 ἐκάλεσεν
719 2347 909 2437 παρέβαλεν
929 2348 967 2417 τέ
983 2373 1027 2435 με
1048 2346 1128 2441 παρ’

198 2451 281 2538 ἐξότ’
306 2455 453 2546 ἐγένοντο
478 2453 571 2544 γένος
590 2449 651 2539 οὐχ
679 2451 772 2522 ὅσιον
795 2447 879 2544 ἀμφ’
904 2451 981 2538 ἐμοὶ

196 2560 256 2628 καὶ
277 2561 441 2645 πολέμιον
455 2559 591 2651 τραφέν.
1032 2557 1040 2564 “

196 2770 312 2854 5450.
339 2774 476 2836 Paeonici
491 2771 656 2834 catalectici
672 2772 704 2834 in
720 2769 924 2852 disyllabum,
944 2770 1016 2833 item
1032 2776 1198 2838 anaomsin

108 2877 274 2939 iambicam
286 2876 447 2958 habentes,
463 2895 533 2940 raro
548 2877 760 2938 inveniuntur.
783 2874 934 2958 Exempla
945 2877 1093 2940 nonnulla
1105 2877 1199 2941 habet

107 2981 265 3062 Aristoph.
285 2982 317 3042 in
333 2982 461 3060 Lysistr.
481 2982 512 3042 in
528 2980 673 3060 carmine,
693 2977 777 3059 quod
792 2988 841 3044 est
855 2999 872 3042 a
888 2999 918 3042 v.
939 2981 1011 3042 78t.

197 3091 297 3178 αὐτὸς
322 3093 373 3166 ἔτι
393 3100 478 3177 παῖς
497 3089 552 3164 o’lr.

197 3198 329 3292 φεύγων
349 3199 456 3290 γάμον
475 3194 609 3292 ἀφίκετ’
632 3197 666 3280 ἐς
688 3196 837 3289 ἐρημίαν,

194 3300 256 3372 κᾶν
278 3307 351 3384 τοῖς
365 3298 476 3391 ἶν’ρεσιν
492 3297 584 3392 ᾤκει,

195 3399 268 3498 κᾷτ’
292 3405 496 3496 ἐλαγοθήρα,

194 3508 403 3596 πλεξάμενος
417 3503 528 3597 ὅρκος,

183 3615 253 3700 ,καὶ
274 3611 356 3682 κύνα
379 3609 440 3681 τίν’
457 3606 553 3698 εἶχεν,

195 3712 330 3786 κούκέτι
350 3719 500 3807 κατῆλθε
520 3714 624 3784 πάλιν
644 3711 753 3784 οἴκαδ’
776 3713 844 3786 ὑπὸ
864 3714 993 3804 μίσους.

497 4035 805 4049 Ἣ
