2922 4948
302 379 340 420 os
356 377 544 420 sencinum
561 379 592 422 ut
609 377 724 420 ιιιιυ
741 377 792 418 sm
807 375 1043 420 ursanumrons.
1160 357 1221 421 223

539 606 649 676 CAP.
668 607 817 676 xvm.

201 761 260 830 De
287 758 571 852 stropharum
599 758 640 826 in
668 759 859 830 membra
885 780 964 830 sua
991 759 1149 830 distri-

577 879 772 950 butione.

218 1049 341 1132 §602
389 1053 528 1132 Magnam
559 1069 651 1130 saepe
682 1049 892 1112 difficultatem
925 1051 1019 1113 habet
1048 1049 1223 1114 distributio

131 1157 330 1237 stropharum
352 1157 383 1216 in
407 1155 544 1216 membra
560 1173 632 1233 sua,
660 1155 730 1236 quia
753 1165 785 1216 et
805 1155 941 1235 ambigui
958 1153 1085 1234 quidam
1102 1157 1222 1217 nuuuui

132 1271 217 1340 sunt,
236 1269 267 1322 et
281 1261 370 1321 aliter
384 1271 478 1340 atque
494 1260 582 1320 aliter
597 1257 731 1321 describi
746 1269 850 1340 partes
865 1277 971 1321 eorum
989 1267 1128 1341 possunt.
1155 1263 1222 1334 Quo

133 1366 230 1444 magis
253 1364 444 1444 curandum,
471 1372 505 1426 ut
524 1365 675 1443 sciamus,
703 1364 835 1444 quaein
860 1362 915 1424 hoc
935 1380 1045 1444 gonaro
1070 1361 1220 1424 tutissirnn

133 1470 183 1531 via
201 1469 249 1530 sit,

220 1673 336 1758 5603.
369 1676 415 1737 Ac
430 1677 528 1756 primo
545 1675 725 1752 videndum,
744 1695 783 1738 ne
801 1685 875 1738 toto
892 1687 923 1738 ot
939 1677 1081 1738 usitata
1105 1685 1219 1738 ritotru

133 1781 326 1844 delitescant.
361 1781 422 1842 Sed
446 1781 591 1860 quioniam
617 1781 731 1841 inultae
755 1791 920 1844 metrorum
946 1781 1059 1842 lonuno
1083 1779 1220 1842 nondum

132 1888 164 1948 in
187 1887 289 1948 lucem
313 1893 482 1968 protractae
509 1892 599 1964 suut,
626 1886 730 1960 augeri
753 1883 900 1965 deinceps
924 1884 1030 1946 luorum
1056 1895 1220 1948 tartarorum

134 2010 299 2051 numerum
316 2007 441 2050 necesse
457 1997 514 2064 est,
538 1990 696 2068 multaque
713 1997 808 2048 metm
825 1987 896 2048 olim
915 1989 943 2048 in
960 1989 1039 2050 trotis
1055 1999 1086 2050 ot
1103 1989 1222 2050 insilistis

135 2095 275 2155 habitum
291 2095 337 2174 iri,
357 2113 437 2173 quae
454 2091 542 2153 hodie
558 2091 695 2154 nondum
712 2093 786 2154 satis
802 2093 919 2170 cogruitn
936 2101 1017 2154 sulit.

221 2299 338 2382 5604.
375 2300 491 2364 Deinde
514 2299 736 2366 attendendum
763 2299 804 2362 ad
831 2301 1165 2380 intornurtotiouos
1191 2313 1222 2364 ot

134 2407 242 2468 lines
265 2406 576 2470 sententiarum.
610 2405 857 2467 Consentaneum
873 2415 921 2468 cst
935 2405 1031 2484 orum,
1057 2424 1126 2468 utum
1143 2423 1221 2468 εειι-

134 2513 230 2574 tentia
255 2510 420 2572 verborum
443 2511 492 2572 vel
515 2508 655 2590 partibus
678 2509 745 2570 eius
762 2509 945 2589 plerumque
966 2511 1056 2572 rstirun
1076 2527 1220 2572 versuum

134 2616 213 2679 lines
236 2616 409 2677 convenire.
443 2615 638 2693 Quamquam
663 2631 724 2674 nou
745 2632 780 2674 aa
803 2623 851 2674 εει
873 2613 1025 2678 huiusroi
1042 2613 1217 2696 ηεεεεείιεε,

134 2730 246 2782 utnon
262 2721 353 2782 etiam
374 2720 406 2780 in
422 2717 521 2778 media
537 2719 688 2785 sententia
707 2733 815 2781 versus
832 2717 909 2778 liniri
931 2717 1037 2796 possit.
1071 2717 1151 2790 Quin
1169 2717 1221 2780 iu-

133 2823 257 2884 terdum
273 2825 364 2883 etiam
380 2823 479 2884 virtus
494 2821 647 2902 quaedam
665 2823 695 2882 in
711 2841 747 2882 eo
761 2830 818 2902 cst,
833 2821 860 2882 si
877 2821 954 2887 ultre
972 2821 1059 2886 nicici
1077 2821 1221 2890 terminos

133 2926 283 3007 producta
300 2935 348 2988 εει
362 2927 466 2989 oratio.

219 3133 343 3216 §6050
383 3135 477 3216 Apud
505 3145 612 3216 postas
642 3135 780 3198 scenicos
810 3154 903 3216 εεερε
930 3135 1020 3200 etium
1052 3135 1221 3198 mutatio

134 3260 351 3320 personae,
374 3250 411 3302 ut
429 3259 595 3320 quaecum
618 3257 716 3318 pausa
732 3241 834 3318 aliqua
850 3239 1010 3304 coniuncto
1027 3257 1095 3300 εεεε
1111 3238 1216 3318 mulcro,

134 3345 228 3405 index
245 3355 294 3406 est
307 3363 417 3408 versus
433 3343 520 3406 liniti.

219 3549 337 3633 56⁰6.
369 3554 566 3615 Pometiam
586 3551 684 3612 linis
700 3549 888 3616 vocabuli
909 3549 1019 3614 indicio
1032 3557 1081 3612 est
1096 3567 1220 3614 versum

135 3659 225 3722 liniri.
257 3659 297 3718 Et
317 3667 484 3738 systemata
506 3655 633 3737 quillem
655 3675 691 3718 ac
709 3654 852 3736 strophas
872 3655 996 3718 omnino
1016 3654 1132 3734 intuma
1150 3671 1222 3718 vom

134 3763 290 3822 torminan'
312 3781 439 3824 neoesse
459 3770 518 3824 εει.
555 3759 735 3840 Eademque
759 3759 862 3840 rogulo
884 3759 1069 3826 ulceratos
1089 3760 1121 3822 in
1145 3777 1221 3822 vor-

133 3865 221 3926 sibus
237 3867 289 3946 iis,
315 3885 394 3945 quos
409 3884 469 3926 non
492 3883 587 3926 nexos
601 3865 839 3927 nominatimus.
873 3864 936 3926 Nisi
951 3881 1049 3946 quoru
1066 3863 1222 3926 interiores

132 3980 224 4048 suut,
257 3979 294 4032 ut
321 3971 389 4032 sine
417 3969 602 4048 omasum,
639 3970 733 4034 ironic
761 3967 916 4032 interdum
945 3969 1038 4030 etan
1064 3967 1223 4048 eleganter

131 4075 275 4152 coniungi
299 4073 363 4136 duo
389 4091 499 4134 versum
527 4073 629 4136 diviso
650 4073 801 4136 vocalmlo
823 4073 957 4154 maslot,
987 4081 1023 4134 ut
1044 4071 1074 4134 in
1095 4071 1220 4154 strumina

131 4179 296 4259 Sapphica.
329 4177 539 4256 Similiterque
560 4177 651 4238 diam
676 4177 706 4240 in
729 4177 919 4258 longioribus
934 4175 1076 4238 versilms
1097 4185 1146 4239 est
1167 4175 1220 4240 ulti

132 4283 273 4346 vocabuli
288 4281 417 4358 divisio,
443 4278 671 4344 dauernoun·
693 4281 896 4364 clusurellam
918 4293 982 4360 est,
1006 4292 1036 4342 el
1060 4289 1220 4362 unamve·
