2922 4948
553 339 589 381 ue
606 341 702 382 uerno
719 341 889 384 nvromnro.
1187 322 1244 386 183

145 495 186 554 Et
200 491 318 556 ibidem
336 494 391 572 qui
405 489 599 567 Μεταλλεῖς
613 493 753 573 scripsit:
775 514 803 554 v.
822 495 950 556 Meineli.
971 496 1006 556 ll.
1033 499 1066 556 1.·
1076 515 1107 575 p.
1128 499 1200 558 305.

232 595 291 666 ὑπ’
314 595 566 688 ἀναδενδράδων
585 597 723 680 ἁπαλὰς
745 597 972 680 ἀσπαλάθους
993 607 1111 669 πατῶν
1132 628 1184 682 τις

232 703 266 771 ἐν
287 705 425 789 λειμῶνι
447 701 645 794 λωτοφόρῳ,
668 702 825 796 κύπειρόν
846 731 883 774 τε
906 703 1070 797 δροσώδη,

232 803 456 898 κάνθρύσκου,
472 809 631 893 μαλακῶν
653 803 681 875 τ’
703 803 764 875 ἴων
786 805 942 894 λείμακα,
960 809 1018 876 καὶ
1041 808 1236 900 τριφύλλου.

231 1001 353 1084 5501.
395 1005 529 1067 (laesura
553 1005 669 1084 ubique
692 1003 854 1086 diligenter
876 1004 1069 1067 observatur.
1108 1007 1140 1066 ln
1168 1005 1235 1068 basi

143 1127 206 1169 non
230 1117 305 1189 puto
328 1107 538 1188 pyrrhichium
561 1127 710 1188 umquam
732 1115 917 1187 usurpatum
944 1128 1026 1170 esse:
1061 1131 1091 1174 v.
1118 1111 1135 1195 ᾗ
1160 1115 1232 1175 509.

145 1212 349 1274 Tribraohum
373 1229 453 1292 quae
474 1213 561 1301 attuli
585 1214 726 1294 exempla
750 1220 885 1274 tuentur.
919 1213 1064 1294 Dactylus
1080 1217 1237 1279 invehitur

146 1318 179 1377 in
197 1316 351 1396 versibus,
372 1335 449 1396 quos
465 1317 553 1378 affert
568 1316 746 1378 scholiastes
762 1317 911 1378 Theocriti
928 1317 959 1377 in
974 1319 1211 1400 prolegomenis:

238 1422 332 1506 δέξαι
354 1422 415 1491 τάν
436 1419 571 1512 ἀγαθὰν
592 1420 702 1508 τύχαν,
726 1423 821 1505 δέξαι
842 1421 903 1491 τδν
924 1422 1064 1513 ὑγίειαν,

234 1522 256 1594 δ
280 1533 424 1619 φέρομεν
446 1526 540 1616 παρὰ
562 1533 624 1607 τᾶς
644 1533 742 1606 θεοῦ,
772 1522 1000 1617 κδχαρίοοατο
1022 1529 1112 1622 τήνα.

143 1647 235 1708 Posui
251 1645 334 1726 quod
350 1654 382 1707 et
396 1655 493 1708 metro
514 1654 545 1707 et
564 1646 733 1708 sententiae
754 1648 940 1708 conveniret.
974 1649 1176 1713 scribebatur
1195 1641 1236 1713 δν

144 1745 291 1836 φέρομεν
313 1743 408 1833 παρὰ
430 1750 489 1834 τῆς
511 1747 609 1828 θεοῦ,
632 1738 673 1810 δν
695 1742 897 1812 ἐκαλέσσατο
919 1743 1009 1836 τήνα.

233 1936 348 2020 5502.
376 1939 505 2003 Videtur
520 1939 577 2002 hoo
594 1949 726 2001 metrum
743 1943 954 2022 asynarte'tum
972 1941 1076 2005 luisse.
1104 1943 1190 2006 Vnde
1206 1955 1237 2006 et

144 2047 249 2108 hiatus
272 2045 303 2106 iu
326 2044 468 2125 exemplo
491 2045 542 2106 illo
565 2041 648 2122 apud
670 2043 864 2106 scholiastam
881 2045 1044 2124 Theocriti,
1070 2056 1101 2107 et
1116 2047 1236 2124 syllaba
1272 2069 1282 2088 ·

144 2167 260 2229 anceps
276 2147 360 2230 apud
375 2147 530 2211 Catullum
548 2147 628 2209 XIX.
651 2149 679 2208 l.

233 2261 352 2323 nutrivi
366 2261 463 2342 ονομα
479 2268 508 2322 et
521 2261 630 2340 ναορίε,
648 2267 682 2321 ut
698 2259 786 2321 heato
802 2248 973 2342 quotannis,

145 2383 177 2436 et
189 2381 395 2434 commentum
412 2373 690 2452 grammaticorum,
706 2372 884 2433 hexametro
899 2372 1020 2434 heroico
1036 2391 1147 2433 nomen
1160 2392 1236 2434 ver-

145 2496 201 2540 sus
216 2477 335 2558 Priapei
357 2475 576 2555 tribuentium,
603 2475 629 2536 si
651 2476 678 2535 is
699 2477 740 2536 ita
763 2474 970 2536 conformatus
992 2485 1055 2555 est,
1082 2485 1117 2537 ut
1139 2483 1236 2537 metro

146 2583 205 2642 isto
221 2580 279 2660 legi
295 2580 401 2659 possit,
421 2587 465 2659 ut,

235 2675 454 2786 Κουρῆτές-τ’
477 2691 639 2780 ἐμάχοντο
661 2691 718 2759 καὶ
739 2689 896 2760 Αἰτωλοὶ
917 2690 1131 2780 μενεχάρμαι.

236 2815 288 2876 cui
299 2831 357 2874 νιονι
373 2812 470 2874 dictus
487 2813 582 2893 Hylas
593 2830 683 2894 puer,
703 2819 731 2873 et
747 2811 875 2873 lotario
892 2811 987 2872 Delos.

234 2926 288 2979 out
302 2913 427 2978 Ararim
445 2915 575 2976 Parthus
590 2914 677 2992 bibet,
701 2923 754 2976 out
771 2915 936 2976 Germouio
955 2915 1077 2996 l'r'prim.

147 3037 331 3100 Huiusmodi
346 3045 393 3097 est
408 3055 518 3098 versus
530 3037 645 3098 Cratini
660 3034 745 3116 apud
757 3033 948 3097 Athenaeum
965 3035 1040 3097 Xlll.
1057 3054 1088 3114 p.
1106 3037 1179 3096 tuo.
1197 3037 1232 3098 Ε.

234 3144 332 3212 ταυτὶ
353 3143 411 3210 καὶ
431 3145 559 3234 τολμᾷς
580 3140 619 3209 οδ
642 3141 748 3230 λέγειν
771 3139 1017 3232 ῥοδοδάκτυλος
1038 3133 1133 3210 οὖσα.

147 3265 222 3343 Qui,
249 3265 276 3323 si
300 3263 385 3324 locus
402 3270 483 3323 osset
502 3259 677 3342 pyrrhichio
692 3261 724 3320 in
745 3260 827 3338 hasi,
855 3259 952 3320 videri
974 3270 1078 3340 posset
1092 3261 1237 3341 Priapeus

147 3388 227 3430 osso.
262 3365 323 3428 Sed
346 3375 426 3427 recte
443 3385 513 3428 eum
530 3383 585 3445 pro
600 3363 721 3426 heroico
737 3363 847 3426 habuit
862 3361 1020 3424 Dohracus
1035 3363 1069 3422 in
1084 3362 1237 3426 addendis

147 3471 186 3534 ad
204 3469 358 3550 Aristoph.
378 3469 456 3531 Plut.
478 3469 549 3528 555.
582 3469 616 3529 V.
637 3468 821 3532 Meinekium
837 3466 871 3526 ll.
895 3469 922 3528 l.
941 3486 972 3548 p.
996 3467 1066 3528 l8l.

541 3658 849 3666 -.—-———-——-————-

595 3803 704 3872 cAP.
724 3803 792 3872 IV.

436 3955 494 4025 lle
521 3964 660 4024 metro
687 3955 946 4048 Eupolideo

237 4130 261 4211 ξ
276 4126 353 4193 503.
385 4130 499 4190 Versus
516 4123 784 4203 Eupolideus,
804 4126 990 4185 comicorum
1006 4125 1159 4204 proprius,
1178 4145 1240 4188 non

151 4243 234 4298 recte
258 4253 276 4294 a
299 4230 432 4294 metricis
454 4231 485 4290 in
508 4227 785 4310 polysohematistis
808 4235 998 4290 numeratur.
1036 4227 1164 4292 Constat
1184 4229 1241 4292 hoo
