<?xml version="1.0" encoding="UTF-8"?>
<!DOCTYPE html PUBLIC "-//W3C//DTD XHTML 1.0 Transitional//EN"
    "http://www.w3.org/TR/xhtml1/DTD/xhtml1-transitional.dtd">
<html xmlns="http://www.w3.org/1999/xhtml" xml:lang="en" lang="en">
 <head>
  <title>
</title>
<meta http-equiv="Content-Type" content="text/html;charset=utf-8" />
  <meta name='ocr-system' content='tesseract 3.04.00' />
  <meta name='ocr-capabilities' content='ocr_page ocr_carea ocr_par ocr_line ocrx_word'/>
</head>
<body>
  <div class='ocr_page' id='page_1' title='image "./doctrinaemetric00hermgoog/doctrinaemetric00hermgoog_0242.png"; bbox 0 0 2922 4948; ppageno 0'>
   <div class='ocr_carea' id='block_1_1' title="bbox 317 309 1264 398">
    <p class='ocr_par' dir='ltr' id='par_1_1' title="bbox 317 309 1264 398">
     <span class='ocr_line' id='line_1_1' title="bbox 317 309 1264 398; baseline 0.005 -8"><span class='ocrx_word' id='word_1_1' title='bbox 317 349 353 390; x_wconf 83' lang='lat' dir='ltr'>nr</span> <span class='ocrx_word' id='word_1_2' title='bbox 369 347 509 390; x_wconf 86' lang='lat' dir='ltr'>smorms</span> <span class='ocrx_word' id='word_1_3' title='bbox 526 347 621 389; x_wconf 81' lang='lat' dir='ltr'>rsnrn</span> <span class='ocrx_word' id='word_1_4' title='bbox 639 346 673 385; x_wconf 84' lang='lat' dir='ltr'>ur</span> <span class='ocrx_word' id='word_1_5' title='bbox 689 344 796 398; x_wconf 73' lang='lat' dir='ltr'>ornari</span> <span class='ocrx_word' id='word_1_6' title='bbox 812 347 944 391; x_wconf 76' lang='lat' dir='ltr'>cernuis.</span> <span class='ocrx_word' id='word_1_7' title='bbox 1116 332 1177 395; x_wconf 80' lang='lat'>2¹9</span> <span class='ocrx_word' id='word_1_8' title='bbox 1257 309 1264 320; x_wconf 38' lang='lat'>⁸</span> 
     </span>
    </p>
   </div>
   <div class='ocr_carea' id='block_1_2' title="bbox 77 499 1178 687">
    <p class='ocr_par' dir='ltr' id='par_1_2' title="bbox 77 499 1178 687">
     <span class='ocr_line' id='line_1_2' title="bbox 172 499 1178 586; baseline 0.005 -24"><span class='ocrx_word' id='word_1_9' title='bbox 172 503 369 583; x_wconf 79' lang='lat' dir='ltr'>Tragicorum</span> <span class='ocrx_word' id='word_1_10' title='bbox 391 502 549 584; x_wconf 90' lang='lat' dir='ltr'>pmprium</span> <span class='ocrx_word' id='word_1_11' title='bbox 572 509 620 562; x_wconf 89' lang='lat' dir='ltr'>est</span> <span class='ocrx_word' id='word_1_12' title='bbox 640 499 697 561; x_wconf 87' lang='lat' dir='ltr'>has</span> <span class='ocrx_word' id='word_1_13' title='bbox 719 501 862 581; x_wconf 86' lang='lat' dir='ltr'>strophas</span> <span class='ocrx_word' id='word_1_14' title='bbox 878 504 965 564; x_wconf 81' lang='lat' dir='ltr'>finire</span> <span class='ocrx_word' id='word_1_15' title='bbox 982 523 1074 566; x_wconf 84' lang='lat' dir='ltr'>versu</span> <span class='ocrx_word' id='word_1_16' title='bbox 1091 507 1178 586; x_wconf 83' lang='lat' dir='ltr'>ithy-</span> 
     </span>
     <span class='ocr_line' id='line_1_3' title="bbox 77 605 1173 687; baseline 0.004 -21"><span class='ocrx_word' id='word_1_17' title='bbox 77 607 231 686; x_wconf 71' lang='lat' dir='ltr'>pharion,</span> <span class='ocrx_word' id='word_1_18' title='bbox 269 626 362 687; x_wconf 91' lang='lat' dir='ltr'>quem</span> <span class='ocrx_word' id='word_1_19' title='bbox 396 625 458 667; x_wconf 91' lang='lat' dir='ltr'>non</span> <span class='ocrx_word' id='word_1_20' title='bbox 491 607 594 666; x_wconf 90' lang='lat' dir='ltr'>inveni</span> <span class='ocrx_word' id='word_1_21' title='bbox 627 607 658 666; x_wconf 93' lang='lat' dir='ltr'>in</span> <span class='ocrx_word' id='word_1_22' title='bbox 689 605 853 683; x_wconf 71' lang='lat' dir='ltr'>lyricorum</span> <span class='ocrx_word' id='word_1_23' title='bbox 884 609 1019 687; x_wconf 84' lang='lat' dir='ltr'>strophis</span> <span class='ocrx_word' id='word_1_24' title='bbox 1049 611 1173 672; x_wconf 84' lang='lat' dir='ltr'>Doriois.</span> 
     </span>
    </p>
   </div>
   <div class='ocr_carea' id='block_1_3' title="bbox 77 709 1104 1139">
    <p class='ocr_par' dir='ltr' id='par_1_3' title="bbox 77 709 1104 1020">
     <span class='ocr_line' id='line_1_4' title="bbox 77 709 465 791; baseline -0.003 -19"><span class='ocrx_word' id='word_1_25' title='bbox 77 709 259 791; x_wconf 80' lang='lat' dir='ltr'><strong>Aeschylus</strong></span> <span class='ocrx_word' id='word_1_26' title='bbox 274 713 372 772; x_wconf 89' lang='lat' dir='ltr'>Prom.</span> <span class='ocrx_word' id='word_1_27' title='bbox 394 712 465 772; x_wconf 80' lang='grc'><strong>533.</strong></span> 
     </span>
     <span class='ocr_line' id='line_1_5' title="bbox 169 821 1104 922; baseline 0.003 -29"><span class='ocrx_word' id='word_1_28' title='bbox 169 822 249 916; x_wconf 80' lang='grc' dir='ltr'>μηδ’</span> <span class='ocrx_word' id='word_1_29' title='bbox 274 821 425 912; x_wconf 74' lang='grc' dir='ltr'><strong><em>ἀλίτοιμι</em></strong></span> <span class='ocrx_word' id='word_1_30' title='bbox 449 823 576 914; x_wconf 78' lang='grc' dir='ltr'><strong><em>λόγοις·</em></strong></span> <span class='ocrx_word' id='word_1_31' title='bbox 598 824 690 910; x_wconf 81' lang='grc' dir='ltr'><strong><em>μάλα</em></strong></span> <span class='ocrx_word' id='word_1_32' title='bbox 712 849 773 911; x_wconf 89' lang='grc' dir='ltr'>μοι</span> <span class='ocrx_word' id='word_1_33' title='bbox 790 821 865 922; x_wconf 76' lang='grc' dir='ltr'>Ιοόδ’</span> <span class='ocrx_word' id='word_1_34' title='bbox 888 825 1024 912; x_wconf 78' lang='grc' dir='ltr'><strong><em>ἐμμένοι</em></strong></span> <span class='ocrx_word' id='word_1_35' title='bbox 1046 829 1104 896; x_wconf 84' lang='grc' dir='ltr'>καὶ</span> 
     </span>
     <span class='ocr_line' id='line_1_6' title="bbox 169 925 484 1020; baseline 0.003 -25"><span class='ocrx_word' id='word_1_36' title='bbox 169 925 296 1019; x_wconf 76' lang='grc' dir='ltr'><strong><em>μήποτ’</em></strong></span> <span class='ocrx_word' id='word_1_37' title='bbox 322 926 484 1020; x_wconf 79' lang='grc' dir='ltr'><strong>ἐκτακείη.</strong></span> 
     </span>
    </p>

    <p class='ocr_par' dir='ltr' id='par_1_4' title="bbox 81 1055 439 1139">
     <span class='ocr_line' id='line_1_7' title="bbox 81 1055 439 1139; baseline -0.008 -21"><span class='ocrx_word' id='word_1_38' title='bbox 81 1055 252 1139; x_wconf 86' lang='lat' dir='ltr'>Euripides</span> <span class='ocrx_word' id='word_1_39' title='bbox 268 1055 346 1118; x_wconf 84' lang='lat' dir='ltr'>ned.</span> <span class='ocrx_word' id='word_1_40' title='bbox 369 1055 439 1116; x_wconf 69' lang='grc'><strong>419.</strong></span> 
     </span>
    </p>
   </div>
   <div class='ocr_carea' id='block_1_4' title="bbox 170 1167 601 1363">
    <p class='ocr_par' dir='ltr' id='par_1_5' title="bbox 170 1167 601 1363">
     <span class='ocr_line' id='line_1_8' title="bbox 174 1167 601 1262; baseline -0.009 -24"><span class='ocrx_word' id='word_1_41' title='bbox 174 1167 287 1239; x_wconf 74' lang='grc' dir='ltr'><strong><em>οὐκέτι</em></strong></span> <span class='ocrx_word' id='word_1_42' title='bbox 310 1172 509 1251; x_wconf 60' lang='lat' dir='ltr'>cornetanos</span> <span class='ocrx_word' id='word_1_43' title='bbox 531 1169 601 1262; x_wconf 75' lang='lat' dir='ltr'>‹poi-</span> 
     </span>
     <span class='ocr_line' id='line_1_9' title="bbox 170 1273 503 1363; baseline 0 -21"><span class='ocrx_word' id='word_1_44' title='bbox 170 1303 220 1361; x_wconf 86' lang='grc' dir='ltr'>μα</span> <span class='ocrx_word' id='word_1_45' title='bbox 248 1279 406 1363; x_wconf 77' lang='grc' dir='ltr'><em>γυναῖκας</em></span> <span class='ocrx_word' id='word_1_46' title='bbox 428 1273 503 1356; x_wconf 71' lang='grc' dir='ltr'><strong><em>ἕξει.</em></strong></span> 
     </span>
    </p>
   </div>
   <div class='ocr_carea' id='block_1_5' title="bbox 84 1401 656 1465">
    <p class='ocr_par' dir='ltr' id='par_1_6' title="bbox 84 1401 656 1465">
     <span class='ocr_line' id='line_1_10' title="bbox 84 1401 656 1465; baseline 0 -1"><span class='ocrx_word' id='word_1_47' title='bbox 84 1405 124 1464; x_wconf 86' lang='lat' dir='ltr'>Et</span> <span class='ocrx_word' id='word_1_48' title='bbox 140 1406 172 1464; x_wconf 91' lang='lat' dir='ltr'>in</span> <span class='ocrx_word' id='word_1_49' title='bbox 188 1402 298 1465; x_wconf 87' lang='lat' dir='ltr'>eadem</span> <span class='ocrx_word' id='word_1_50' title='bbox 314 1401 419 1464; x_wconf 75' lang='lat' dir='ltr'>[abula</span> <span class='ocrx_word' id='word_1_51' title='bbox 440 1422 469 1462; x_wconf 94' lang='lat' dir='ltr'>v.</span> <span class='ocrx_word' id='word_1_52' title='bbox 491 1404 563 1462; x_wconf 85' lang='lat' dir='ltr'>63i.</span> <span class='ocrx_word' id='word_1_53' title='bbox 584 1403 656 1464; x_wconf 82' lang='lat'>989.</span> 
     </span>
    </p>
   </div>
   <div class='ocr_carea' id='block_1_6' title="bbox 82 1521 1178 2230">
    <p class='ocr_par' dir='ltr' id='par_1_7' title="bbox 82 1521 1178 2230">
     <span class='ocr_line' id='line_1_11' title="bbox 172 1521 1177 1607; baseline 0.006 -22"><span class='ocrx_word' id='word_1_54' title='bbox 172 1521 441 1597; x_wconf 81' lang='lat' dir='ltr'>Quemadmodum</span> <span class='ocrx_word' id='word_1_55' title='bbox 466 1523 582 1602; x_wconf 88' lang='lat' dir='ltr'>ubique</span> <span class='ocrx_word' id='word_1_56' title='bbox 599 1523 683 1604; x_wconf 89' lang='lat' dir='ltr'>apud</span> <span class='ocrx_word' id='word_1_57' title='bbox 699 1523 883 1605; x_wconf 81' lang='lat' dir='ltr'>Pindarum,</span> <span class='ocrx_word' id='word_1_58' title='bbox 910 1537 1019 1607; x_wconf 89' lang='lat' dir='ltr'>atque,</span> <span class='ocrx_word' id='word_1_59' title='bbox 1046 1538 1081 1589; x_wconf 94' lang='lat' dir='ltr'>ut</span> <span class='ocrx_word' id='word_1_60' title='bbox 1095 1531 1177 1592; x_wconf 86' lang='lat' dir='ltr'>rredi</span> 
     </span>
     <span class='ocr_line' id='line_1_12' title="bbox 82 1627 1177 1711; baseline 0.005 -21"><span class='ocrx_word' id='word_1_61' title='bbox 82 1649 143 1710; x_wconf 78' lang='lat' dir='ltr'>par</span> <span class='ocrx_word' id='word_1_62' title='bbox 162 1638 225 1707; x_wconf 88' lang='lat' dir='ltr'>est,</span> <span class='ocrx_word' id='word_1_63' title='bbox 253 1627 346 1709; x_wconf 44' lang='lat' dir='ltr'>apud*</span> <span class='ocrx_word' id='word_1_64' title='bbox 360 1635 477 1690; x_wconf 87' lang='lat' dir='ltr'>cetoros</span> <span class='ocrx_word' id='word_1_65' title='bbox 501 1645 625 1708; x_wconf 90' lang='lat' dir='ltr'>quoqne</span> <span class='ocrx_word' id='word_1_66' title='bbox 640 1627 751 1706; x_wconf 84' lang='lat' dir='ltr'>lyricos</span> <span class='ocrx_word' id='word_1_67' title='bbox 765 1629 871 1710; x_wconf 80' lang='lat' dir='ltr'>longae</span> <span class='ocrx_word' id='word_1_68' title='bbox 894 1631 1032 1711; x_wconf 64' lang='lat' dir='ltr'>syllabae</span> <span class='ocrx_word' id='word_1_69' title='bbox 1052 1633 1177 1696; x_wconf 88' lang='lat' dir='ltr'>induas</span> 
     </span>
     <span class='ocr_line' id='line_1_13' title="bbox 83 1732 1177 1812; baseline 0.005 -19"><span class='ocrx_word' id='word_1_70' title='bbox 83 1734 200 1794; x_wconf 89' lang='lat' dir='ltr'>breves</span> <span class='ocrx_word' id='word_1_71' title='bbox 222 1733 349 1812; x_wconf 85' lang='lat' dir='ltr'>solutio,</span> <span class='ocrx_word' id='word_1_72' title='bbox 376 1732 582 1811; x_wconf 86' lang='lat' dir='ltr'>braviumque</span> <span class='ocrx_word' id='word_1_73' title='bbox 603 1733 634 1792; x_wconf 92' lang='lat' dir='ltr'>in</span> <span class='ocrx_word' id='word_1_74' title='bbox 659 1733 779 1812; x_wconf 84' lang='lat' dir='ltr'>longam</span> <span class='ocrx_word' id='word_1_75' title='bbox 797 1736 961 1796; x_wconf 79' lang='lat' dir='ltr'>contractio</span> <span class='ocrx_word' id='word_1_76' title='bbox 980 1755 1041 1795; x_wconf 93' lang='lat' dir='ltr'>non</span> <span class='ocrx_word' id='word_1_77' title='bbox 1056 1747 1104 1798; x_wconf 89' lang='lat' dir='ltr'>est</span> <span class='ocrx_word' id='word_1_78' title='bbox 1119 1739 1177 1800; x_wconf 92' lang='lat' dir='ltr'>nisi</span> 
     </span>
     <span class='ocr_line' id='line_1_14' title="bbox 82 1835 1178 1920; baseline 0.006 -24"><span class='ocrx_word' id='word_1_79' title='bbox 82 1839 124 1896; x_wconf 92' lang='lat' dir='ltr'>in·</span> <span class='ocrx_word' id='word_1_80' title='bbox 139 1835 320 1898; x_wconf 88' lang='lat' dir='ltr'>nominihus</span> <span class='ocrx_word' id='word_1_81' title='bbox 343 1836 475 1916; x_wconf 91' lang='lat' dir='ltr'>propriis</span> <span class='ocrx_word' id='word_1_82' title='bbox 497 1855 659 1915; x_wconf 80' lang='lat' dir='ltr'>manresa,</span> <span class='ocrx_word' id='word_1_83' title='bbox 686 1837 729 1897; x_wconf 92' lang='lat' dir='ltr'>sic</span> <span class='ocrx_word' id='word_1_84' title='bbox 752 1839 842 1898; x_wconf 85' lang='lat' dir='ltr'>etiam</span> <span class='ocrx_word' id='word_1_85' title='bbox 867 1839 898 1898; x_wconf 93' lang='lat' dir='ltr'>in</span> <span class='ocrx_word' id='word_1_86' title='bbox 914 1839 1047 1920; x_wconf 91' lang='lat' dir='ltr'>strophis</span> <span class='ocrx_word' id='word_1_87' title='bbox 1064 1842 1178 1903; x_wconf 85' lang='lat' dir='ltr'>Derieis</span> 
     </span>
     <span class='ocr_line' id='line_1_15' title="bbox 84 1940 1173 2020; baseline 0.005 -19"><span class='ocrx_word' id='word_1_88' title='bbox 84 1943 161 2002; x_wconf 85' lang='lat' dir='ltr'>haec</span> <span class='ocrx_word' id='word_1_89' title='bbox 190 1941 239 2001; x_wconf 88' lang='lat' dir='ltr'>lex</span> <span class='ocrx_word' id='word_1_90' title='bbox 267 1940 460 2002; x_wconf 87' lang='lat' dir='ltr'>observatur.</span> <span class='ocrx_word' id='word_1_91' title='bbox 501 1941 604 2014; x_wconf 86' lang='lat' dir='ltr'>Quare</span> <span class='ocrx_word' id='word_1_92' title='bbox 631 1941 717 2020; x_wconf 74' lang='lat' dir='ltr'>Pyro.</span> <span class='ocrx_word' id='word_1_93' title='bbox 738 1944 772 2003; x_wconf 99' lang='lat' dir='ltr'>V.</span> <span class='ocrx_word' id='word_1_94' title='bbox 793 1945 822 2002; x_wconf 76' lang='lat'>9.</span> <span class='ocrx_word' id='word_1_95' title='bbox 849 1944 900 2004; x_wconf 77' lang='lat' dir='ltr'>IV.</span> <span class='ocrx_word' id='word_1_96' title='bbox 923 1943 971 2002; x_wconf 81' lang='lat' dir='ltr'>ii.</span> <span class='ocrx_word' id='word_1_97' title='bbox 1013 1944 1118 2006; x_wconf 86' lang='lat' dir='ltr'>Isthm.</span> <span class='ocrx_word' id='word_1_98' title='bbox 1139 1948 1173 2006; x_wconf 94' lang='lat' dir='ltr'>V.</span> 
     </span>
     <span class='ocr_line' id='line_1_16' title="bbox 88 2043 1177 2128; baseline 0.003 -22"><span class='ocrx_word' id='word_1_99' title='bbox 88 2045 161 2128; x_wconf 83' lang='lat' dir='ltr'>(Vl).</span> <span class='ocrx_word' id='word_1_100' title='bbox 185 2046 235 2106; x_wconf 81' lang='lat' dir='ltr'>tu.</span> <span class='ocrx_word' id='word_1_101' title='bbox 256 2045 306 2106; x_wconf 75' lang='lat'>⁶23.</span> <span class='ocrx_word' id='word_1_102' title='bbox 333 2043 547 2106; x_wconf 87' lang='lat' dir='ltr'>emendatione</span> <span class='ocrx_word' id='word_1_103' title='bbox 570 2043 716 2124; x_wconf 81' lang='lat' dir='ltr'>indigent.</span> <span class='ocrx_word' id='word_1_104' title='bbox 759 2047 791 2106; x_wconf 91' lang='lat' dir='ltr'>ln</span> <span class='ocrx_word' id='word_1_105' title='bbox 816 2047 901 2106; x_wconf 87' lang='lat' dir='ltr'>Nom.</span> <span class='ocrx_word' id='word_1_106' title='bbox 926 2047 960 2106; x_wconf 95' lang='lat' dir='ltr'>V.</span> <span class='ocrx_word' id='word_1_107' title='bbox 987 2048 1177 2128; x_wconf 77' lang='lat' dir='ltr'>antistropha</span> 
     </span>
     <span class='ocr_line' id='line_1_17' title="bbox 82 2133 1178 2230; baseline 0.001 -20"><span class='ocrx_word' id='word_1_108' title='bbox 82 2151 184 2229; x_wconf 90' lang='lat' dir='ltr'>prima</span> <span class='ocrx_word' id='word_1_109' title='bbox 207 2133 239 2210; x_wconf 79' lang='lat' dir='ltr'>et</span> <span class='ocrx_word' id='word_1_110' title='bbox 260 2149 364 2210; x_wconf 90' lang='lat' dir='ltr'>lsthm.</span> <span class='ocrx_word' id='word_1_111' title='bbox 384 2149 432 2209; x_wconf 88' lang='lat' dir='ltr'>ill.</span> <span class='ocrx_word' id='word_1_112' title='bbox 459 2147 558 2230; x_wconf 91' lang='lat' dir='ltr'>epodo</span> <span class='ocrx_word' id='word_1_113' title='bbox 582 2157 690 2228; x_wconf 84' lang='lat' dir='ltr'>quarta</span> <span class='ocrx_word' id='word_1_114' title='bbox 715 2148 872 2210; x_wconf 87' lang='lat' dir='ltr'>sublatum</span> <span class='ocrx_word' id='word_1_115' title='bbox 895 2159 943 2210; x_wconf 90' lang='lat' dir='ltr'>est</span> <span class='ocrx_word' id='word_1_116' title='bbox 967 2150 1075 2211; x_wconf 91' lang='lat' dir='ltr'>vitium</span> <span class='ocrx_word' id='word_1_117' title='bbox 1098 2153 1178 2212; x_wconf 91' lang='lat' dir='ltr'>scri-</span> 
     </span>
    </p>
   </div>
   <div class='ocr_carea' id='block_1_7' title="bbox 83 2253 628 2458">
    <p class='ocr_par' dir='ltr' id='par_1_8' title="bbox 83 2253 628 2458">
     <span class='ocr_line' id='line_1_18' title="bbox 83 2253 206 2316; baseline -0.016 0"><span class='ocrx_word' id='word_1_118' title='bbox 83 2253 189 2316; x_wconf 89' lang='lat' dir='ltr'>bendo</span> <span class='ocrx_word' id='word_1_119' title='bbox 201 2275 206 2314; x_wconf 95' lang='lat'><strong>:</strong></span> 
     </span>
     <span class='ocr_line' id='line_1_19' title="bbox 169 2363 628 2458; baseline 0 -23"><span class='ocrx_word' id='word_1_120' title='bbox 169 2365 327 2458; x_wconf 76' lang='grc' dir='ltr'><strong><em>Ἐνδᾴὸος</em></strong></span> <span class='ocrx_word' id='word_1_121' title='bbox 347 2363 531 2457; x_wconf 69' lang='grc' dir='ltr'>οἷρίγνωνιις</span> <span class='ocrx_word' id='word_1_122' title='bbox 552 2364 628 2436; x_wconf 64' lang='grc' dir='ltr'><strong><em>οἶοί</em></strong></span> 
     </span>
    </p>
   </div>
   <div class='ocr_carea' id='block_1_8' title="bbox 81 2617 1178 2990">
    <p class='ocr_par' dir='ltr' id='par_1_9' title="bbox 81 2617 1178 2990">
     <span class='ocr_line' id='line_1_20' title="bbox 173 2617 1178 2698; baseline 0.003 -20"><span class='ocrx_word' id='word_1_123' title='bbox 173 2617 309 2698; x_wconf 86' lang='lat' dir='ltr'>Spondei</span> <span class='ocrx_word' id='word_1_124' title='bbox 335 2618 527 2698; x_wconf 73' lang='lat' dir='ltr'>epitritorum</span> <span class='ocrx_word' id='word_1_125' title='bbox 550 2618 648 2698; x_wconf 85' lang='lat' dir='ltr'>prima</span> <span class='ocrx_word' id='word_1_126' title='bbox 674 2618 779 2696; x_wconf 78' lang='lat' dir='ltr'>ionga,</span> <span class='ocrx_word' id='word_1_127' title='bbox 809 2621 897 2680; x_wconf 89' lang='lat' dir='ltr'>onius</span> <span class='ocrx_word' id='word_1_128' title='bbox 919 2619 1036 2679; x_wconf 81' lang='lat' dir='ltr'>solutae</span> <span class='ocrx_word' id='word_1_129' title='bbox 1063 2621 1178 2681; x_wconf 88' lang='lat' dir='ltr'>mentio</span> 
     </span>
     <span class='ocr_line' id='line_1_21' title="bbox 81 2713 1173 2804; baseline -0.002 -19"><span class='ocrx_word' id='word_1_130' title='bbox 81 2723 162 2785; x_wconf 82' lang='lat' dir='ltr'>iacta</span> <span class='ocrx_word' id='word_1_131' title='bbox 186 2731 235 2782; x_wconf 85' lang='lat' dir='ltr'>est</span> <span class='ocrx_word' id='word_1_132' title='bbox 253 2720 271 2804; x_wconf 58' lang='grc' dir='ltr'><strong>ᾗ</strong></span> <span class='ocrx_word' id='word_1_133' title='bbox 289 2713 382 2798; x_wconf 64' lang='grc'><strong>533,</strong></span> <span class='ocrx_word' id='word_1_134' title='bbox 410 2739 474 2782; x_wconf 88' lang='lat' dir='ltr'>nnn</span> <span class='ocrx_word' id='word_1_135' title='bbox 495 2729 613 2782; x_wconf 86' lang='lat' dir='ltr'>tanturn</span> <span class='ocrx_word' id='word_1_136' title='bbox 632 2723 662 2781; x_wconf 92' lang='lat' dir='ltr'>in</span> <span class='ocrx_word' id='word_1_137' title='bbox 678 2722 815 2782; x_wconf 86' lang='lat' dir='ltr'>carmine</span> <span class='ocrx_word' id='word_1_138' title='bbox 830 2721 965 2782; x_wconf 86' lang='lat' dir='ltr'>admissa</span> <span class='ocrx_word' id='word_1_139' title='bbox 981 2733 1041 2801; x_wconf 86' lang='lat' dir='ltr'>est,</span> <span class='ocrx_word' id='word_1_140' title='bbox 1069 2724 1173 2783; x_wconf 88' lang='lat' dir='ltr'>isthm.</span> 
     </span>
     <span class='ocr_line' id='line_1_22' title="bbox 83 2823 1177 2906; baseline 0.004 -22"><span class='ocrx_word' id='word_1_141' title='bbox 83 2827 118 2885; x_wconf 89' lang='lat' dir='ltr'>ll.</span> <span class='ocrx_word' id='word_1_142' title='bbox 138 2826 172 2884; x_wconf 90' lang='lat' dir='ltr'>in</span> <span class='ocrx_word' id='word_1_143' title='bbox 196 2825 256 2885; x_wconf 82' lang='lat' dir='ltr'>sme</span> <span class='ocrx_word' id='word_1_144' title='bbox 271 2823 452 2903; x_wconf 90' lang='lat' dir='ltr'>epodorum.</span> <span class='ocrx_word' id='word_1_145' title='bbox 484 2826 697 2906; x_wconf 86' lang='lat' dir='ltr'>Quamquam,</span> <span class='ocrx_word' id='word_1_146' title='bbox 717 2843 815 2904; x_wconf 89' lang='lat' dir='ltr'>quum</span> <span class='ocrx_word' id='word_1_147' title='bbox 832 2826 862 2886; x_wconf 92' lang='lat' dir='ltr'>in</span> <span class='ocrx_word' id='word_1_148' title='bbox 879 2827 978 2905; x_wconf 86' lang='lat' dir='ltr'>prima</span> <span class='ocrx_word' id='word_1_149' title='bbox 994 2825 1092 2906; x_wconf 85' lang='lat' dir='ltr'>epodo</span> <span class='ocrx_word' id='word_1_150' title='bbox 1108 2827 1177 2888; x_wconf 86' lang='lat' dir='ltr'>iibri</span> 
     </span>
     <span class='ocr_line' id='line_1_23' title="bbox 83 2927 348 2990; baseline 0 0"><span class='ocrx_word' id='word_1_151' title='bbox 83 2947 193 2990; x_wconf 90' lang='lat' dir='ltr'>omnes</span> <span class='ocrx_word' id='word_1_152' title='bbox 213 2927 348 2990; x_wconf 82' lang='lat' dir='ltr'>habeant</span> 
     </span>
    </p>
   </div>
   <div class='ocr_carea' id='block_1_9' title="bbox 172 3037 680 3129">
    <p class='ocr_par' dir='ltr' id='par_1_10' title="bbox 172 3037 680 3129">
     <span class='ocr_line' id='line_1_24' title="bbox 172 3037 680 3129; baseline 0.004 -20"><span class='ocrx_word' id='word_1_153' title='bbox 172 3043 306 3129; x_wconf 76' lang='grc' dir='ltr'><em>πέμπεν</em></span> <span class='ocrx_word' id='word_1_154' title='bbox 328 3037 509 3112; x_wconf 76' lang='grc' dir='ltr'><strong><em>ἆνὸεῖσθαι</em></strong></span> <span class='ocrx_word' id='word_1_155' title='bbox 532 3041 680 3127; x_wconf 81' lang='grc' dir='ltr'><em>σελίνων,</em></span> 
     </span>
    </p>
   </div>
   <div class='ocr_carea' id='block_1_10' title="bbox 83 3159 1178 3774">
    <p class='ocr_par' dir='ltr' id='par_1_11' title="bbox 83 3159 1178 3774">
     <span class='ocr_line' id='line_1_25' title="bbox 83 3159 1178 3254; baseline 0.004 -21"><span class='ocrx_word' id='word_1_156' title='bbox 83 3171 137 3233; x_wconf 89' lang='lat' dir='ltr'>ubi</span> <span class='ocrx_word' id='word_1_157' title='bbox 154 3171 250 3232; x_wconf 86' lang='lat' dir='ltr'>critici</span> <span class='ocrx_word' id='word_1_158' title='bbox 267 3159 472 3232; x_wconf 75' lang='grc' dir='ltr'><strong><em>ἀναδεῖσθαι</em></strong></span> <span class='ocrx_word' id='word_1_159' title='bbox 487 3171 688 3252; x_wconf 88' lang='lat' dir='ltr'>scripserunt,</span> <span class='ocrx_word' id='word_1_160' title='bbox 713 3191 874 3254; x_wconf 90' lang='lat' dir='ltr'>quumque</span> <span class='ocrx_word' id='word_1_161' title='bbox 889 3176 1015 3236; x_wconf 89' lang='lat' dir='ltr'>omniuo</span> <span class='ocrx_word' id='word_1_162' title='bbox 1030 3176 1178 3236; x_wconf 86' lang='lat' dir='ltr'>Isthmio-</span> 
     </span>
     <span class='ocr_line' id='line_1_26' title="bbox 83 3274 1173 3357; baseline 0.003 -22"><span class='ocrx_word' id='word_1_163' title='bbox 83 3295 153 3337; x_wconf 89' lang='lat' dir='ltr'>rum</span> <span class='ocrx_word' id='word_1_164' title='bbox 175 3275 348 3336; x_wconf 84' lang='lat' dir='ltr'>carminum</span> <span class='ocrx_word' id='word_1_165' title='bbox 372 3274 475 3334; x_wconf 93' lang='lat' dir='ltr'>minus</span> <span class='ocrx_word' id='word_1_166' title='bbox 496 3282 596 3334; x_wconf 84' lang='lat' dir='ltr'>certae</span> <span class='ocrx_word' id='word_1_167' title='bbox 618 3276 789 3356; x_wconf 86' lang='lat' dir='ltr'>scripturae</span> <span class='ocrx_word' id='word_1_168' title='bbox 804 3277 881 3354; x_wconf 88' lang='lat' dir='ltr'>sint,</span> <span class='ocrx_word' id='word_1_169' title='bbox 909 3277 1046 3338; x_wconf 88' lang='lat' dir='ltr'>dubitari</span> <span class='ocrx_word' id='word_1_170' title='bbox 1062 3287 1173 3357; x_wconf 82' lang='lat' dir='ltr'>potest,</span> 
     </span>
     <span class='ocr_line' id='line_1_27' title="bbox 83 3365 1177 3458; baseline -0.001 -17"><span class='ocrx_word' id='word_1_171' title='bbox 83 3390 206 3457; x_wconf 87' lang='lat' dir='ltr'>utrum,</span> <span class='ocrx_word' id='word_1_172' title='bbox 232 3365 317 3456; x_wconf 80' lang='lat' dir='ltr'>qudd</span> <span class='ocrx_word' id='word_1_173' title='bbox 332 3397 406 3438; x_wconf 88' lang='lat' dir='ltr'>saue</span> <span class='ocrx_word' id='word_1_174' title='bbox 422 3375 601 3438; x_wconf 79' lang='lat' dir='ltr'>facillimum</span> <span class='ocrx_word' id='word_1_175' title='bbox 618 3387 681 3457; x_wconf 83' lang='lat' dir='ltr'>est,</span> <span class='ocrx_word' id='word_1_176' title='bbox 708 3367 914 3441; x_wconf 70' lang='grc' dir='ltr'><strong><em>ἀναδεῖσθαι</em></strong></span> <span class='ocrx_word' id='word_1_177' title='bbox 938 3379 1177 3458; x_wconf 83' lang='lat' dir='ltr'>praeferendum</span> 
     </span>
     <span class='ocr_line' id='line_1_28' title="bbox 84 3477 1178 3563; baseline 0.001 -20"><span class='ocrx_word' id='word_1_178' title='bbox 84 3483 136 3562; x_wconf 85' lang='lat' dir='ltr'>sit,</span> <span class='ocrx_word' id='word_1_179' title='bbox 163 3502 203 3543; x_wconf 88' lang='lat' dir='ltr'>an</span> <span class='ocrx_word' id='word_1_180' title='bbox 226 3489 379 3541; x_wconf 89' lang='lat' dir='ltr'>mutatum</span> <span class='ocrx_word' id='word_1_181' title='bbox 402 3479 519 3559; x_wconf 90' lang='lat' dir='ltr'>aliquid</span> <span class='ocrx_word' id='word_1_182' title='bbox 535 3479 626 3542; x_wconf 81' lang='lat' dir='ltr'>tuerit</span> <span class='ocrx_word' id='word_1_183' title='bbox 644 3482 676 3541; x_wconf 93' lang='lat' dir='ltr'>in</span> <span class='ocrx_word' id='word_1_184' title='bbox 691 3477 824 3560; x_wconf 81' lang='lat' dir='ltr'>reliquis&#39;</span> <span class='ocrx_word' id='word_1_185' title='bbox 834 3481 960 3544; x_wconf 90' lang='lat' dir='ltr'>duabus</span> <span class='ocrx_word' id='word_1_186' title='bbox 976 3483 1102 3563; x_wconf 79' lang='lat' dir='ltr'>epodiS,</span> <span class='ocrx_word' id='word_1_187' title='bbox 1130 3486 1178 3544; x_wconf 94' lang='lat' dir='ltr'>si-</span> 
     </span>
     <span class='ocr_line' id='line_1_29' title="bbox 84 3575 1176 3670; baseline 0.001 -24"><span class='ocrx_word' id='word_1_188' title='bbox 84 3584 211 3665; x_wconf 89' lang='lat' dir='ltr'>quidem</span> <span class='ocrx_word' id='word_1_189' title='bbox 233 3585 263 3645; x_wconf 94' lang='lat' dir='ltr'>in</span> <span class='ocrx_word' id='word_1_190' title='bbox 285 3583 421 3644; x_wconf 88' lang='lat' dir='ltr'>secunda</span> <span class='ocrx_word' id='word_1_191' title='bbox 443 3583 535 3645; x_wconf 88' lang='lat' dir='ltr'>scribi</span> <span class='ocrx_word' id='word_1_192' title='bbox 558 3591 699 3663; x_wconf 83' lang='lat' dir='ltr'>potuerat</span> <span class='ocrx_word' id='word_1_193' title='bbox 721 3575 759 3646; x_wconf 79' lang='grc' dir='ltr'>οὐ</span> <span class='ocrx_word' id='word_1_194' title='bbox 781 3577 1022 3670; x_wconf 73' lang='grc' dir='ltr'>μελιφθόγγων</span> <span class='ocrx_word' id='word_1_195' title='bbox 1044 3577 1176 3665; x_wconf 79' lang='grc' dir='ltr'>ἀοιδᾶν,</span> 
     </span>
     <span class='ocr_line' id='line_1_30' title="bbox 85 3673 958 3774; baseline 0 -24"><span class='ocrx_word' id='word_1_196' title='bbox 85 3691 114 3750; x_wconf 93' lang='lat' dir='ltr'>in</span> <span class='ocrx_word' id='word_1_197' title='bbox 136 3690 224 3752; x_wconf 88' lang='lat' dir='ltr'>tertia</span> <span class='ocrx_word' id='word_1_198' title='bbox 247 3697 350 3748; x_wconf 88' lang='lat' dir='ltr'>autem</span> <span class='ocrx_word' id='word_1_199' title='bbox 375 3680 454 3766; x_wconf 75' lang='grc' dir='ltr'><em>ἐμὸν</em></span> <span class='ocrx_word' id='word_1_200' title='bbox 477 3682 584 3763; x_wconf 86' lang='grc' dir='ltr'><em>ξεῖνον</em></span> <span class='ocrx_word' id='word_1_201' title='bbox 605 3673 671 3748; x_wconf 79' lang='grc' dir='ltr'><strong><em>εὖτ’</em></strong></span> <span class='ocrx_word' id='word_1_202' title='bbox 694 3678 821 3772; x_wconf 71' lang='grc' dir='ltr'>ἠθαῖον</span> <span class='ocrx_word' id='word_1_203' title='bbox 845 3681 958 3774; x_wconf 58' lang='lat' dir='ltr'>impr.</span> 
     </span>
    </p>
   </div>
   <div class='ocr_carea' id='block_1_11' title="bbox 82 3824 1180 4322">
    <p class='ocr_par' dir='ltr' id='par_1_12' title="bbox 82 3824 1180 4322">
     <span class='ocr_line' id='line_1_31' title="bbox 169 3824 1178 3906; baseline 0.001 -19"><span class='ocrx_word' id='word_1_204' title='bbox 169 3824 292 3904; x_wconf 82' lang='lat' dir='ltr'>Anceps</span> <span class='ocrx_word' id='word_1_205' title='bbox 313 3834 361 3885; x_wconf 88' lang='lat' dir='ltr'>est</span> <span class='ocrx_word' id='word_1_206' title='bbox 376 3826 469 3885; x_wconf 85' lang='lat' dir='ltr'>altera</span> <span class='ocrx_word' id='word_1_207' title='bbox 492 3825 581 3905; x_wconf 83' lang='lat' dir='ltr'>longa</span> <span class='ocrx_word' id='word_1_208' title='bbox 605 3825 796 3906; x_wconf 87' lang='lat' dir='ltr'>epitritorum</span> <span class='ocrx_word' id='word_1_209' title='bbox 820 3835 940 3889; x_wconf 87' lang='lat' dir='ltr'>tuntum</span> <span class='ocrx_word' id='word_1_210' title='bbox 968 3827 1021 3888; x_wconf 83' lang='lat' dir='ltr'>ubi</span> <span class='ocrx_word' id='word_1_211' title='bbox 1045 3837 1099 3889; x_wconf 91' lang='lat' dir='ltr'>ant</span> <span class='ocrx_word' id='word_1_212' title='bbox 1114 3829 1178 3888; x_wconf 89' lang='lat' dir='ltr'>da-</span> 
     </span>
     <span class='ocr_line' id='line_1_32' title="bbox 83 3927 1180 4014; baseline 0.002 -22"><span class='ocrx_word' id='word_1_213' title='bbox 83 3933 171 4013; x_wconf 82' lang='lat' dir='ltr'>ctyli,</span> <span class='ocrx_word' id='word_1_214' title='bbox 191 3939 246 3992; x_wconf 84' lang='lat' dir='ltr'>aut</span> <span class='ocrx_word' id='word_1_215' title='bbox 260 3927 473 4008; x_wconf 76' lang='lat' dir='ltr'>choriambuS,</span> <span class='ocrx_word' id='word_1_216' title='bbox 493 3938 547 3990; x_wconf 86' lang='lat' dir='ltr'>ant</span> <span class='ocrx_word' id='word_1_217' title='bbox 562 3929 699 3991; x_wconf 85' lang='lat' dir='ltr'>Creticus</span> <span class='ocrx_word' id='word_1_218' title='bbox 715 3933 906 4009; x_wconf 82' lang='lat' dir='ltr'>sequuntur:</span> <span class='ocrx_word' id='word_1_219' title='bbox 934 3929 1005 3992; x_wconf 85' lang='lat' dir='ltr'>vide</span> <span class='ocrx_word' id='word_1_220' title='bbox 1020 3930 1039 4014; x_wconf 54' lang='grc' dir='ltr'><strong>ᾗ</strong></span> <span class='ocrx_word' id='word_1_221' title='bbox 1057 3935 1128 3994; x_wconf 82' lang='lat'>539.</span> <span class='ocrx_word' id='word_1_222' title='bbox 1149 3943 1180 3994; x_wconf 89' lang='lat' dir='ltr'>et</span> 
     </span>
     <span class='ocr_line' id='line_1_33' title="bbox 82 4030 1178 4114; baseline 0 -18"><span class='ocrx_word' id='word_1_223' title='bbox 82 4035 328 4097; x_wconf 80' lang='lat' dir='ltr'>dissertationem</span> <span class='ocrx_word' id='word_1_224' title='bbox 353 4030 392 4093; x_wconf 89' lang='lat' dir='ltr'>de</span> <span class='ocrx_word' id='word_1_225' title='bbox 415 4042 582 4094; x_wconf 90' lang='lat' dir='ltr'>metrorum</span> <span class='ocrx_word' id='word_1_226' title='bbox 605 4033 810 4112; x_wconf 89' lang='lat' dir='ltr'>quorumdam</span> <span class='ocrx_word' id='word_1_227' title='bbox 835 4053 981 4094; x_wconf 88' lang='lat' dir='ltr'>mensura</span> <span class='ocrx_word' id='word_1_228' title='bbox 1007 4035 1178 4114; x_wconf 82' lang='lat' dir='ltr'>rhythmica</span> 
     </span>
     <span class='ocr_line' id='line_1_34' title="bbox 83 4136 1180 4218; baseline 0.001 -20"><span class='ocrx_word' id='word_1_229' title='bbox 83 4141 112 4198; x_wconf 90' lang='lat' dir='ltr'>in</span> <span class='ocrx_word' id='word_1_230' title='bbox 130 4140 244 4218; x_wconf 90' lang='lat' dir='ltr'>Opnsc.</span> <span class='ocrx_word' id='word_1_231' title='bbox 266 4136 325 4196; x_wconf 85' lang='lat' dir='ltr'>vol.</span> <span class='ocrx_word' id='word_1_232' title='bbox 345 4136 381 4196; x_wconf 86' lang='grc' dir='ltr'>ΙΙ.</span> <span class='ocrx_word' id='word_1_233' title='bbox 401 4154 431 4214; x_wconf 92' lang='lat' dir='ltr'>p.</span> <span class='ocrx_word' id='word_1_234' title='bbox 455 4137 524 4196; x_wconf 81' lang='lat' dir='ltr'>nr.</span> <span class='ocrx_word' id='word_1_235' title='bbox 545 4143 610 4197; x_wconf 92' lang='lat' dir='ltr'>tum</span> <span class='ocrx_word' id='word_1_236' title='bbox 633 4139 725 4197; x_wconf 88' lang='lat' dir='ltr'>etiam</span> <span class='ocrx_word' id='word_1_237' title='bbox 741 4137 774 4196; x_wconf 91' lang='lat' dir='ltr'>in</span> <span class='ocrx_word' id='word_1_238' title='bbox 789 4137 916 4196; x_wconf 88' lang='lat' dir='ltr'>nomine</span> <span class='ocrx_word' id='word_1_239' title='bbox 932 4137 1072 4216; x_wconf 85' lang='lat' dir='ltr'>proprio,</span> <span class='ocrx_word' id='word_1_240' title='bbox 1098 4141 1180 4200; x_wconf 92' lang='lat' dir='ltr'>utin</span> 
     </span>
     <span class='ocr_line' id='line_1_35' title="bbox 82 4237 1175 4322; baseline 0.001 -19"><span class='ocrx_word' id='word_1_241' title='bbox 82 4243 187 4305; x_wconf 88' lang='lat' dir='ltr'>isthm.</span> <span class='ocrx_word' id='word_1_242' title='bbox 207 4243 242 4303; x_wconf 90' lang='lat' dir='ltr'>ll.</span> <span class='ocrx_word' id='word_1_243' title='bbox 263 4239 353 4322; x_wconf 87' lang='lat' dir='ltr'>epod.</span> <span class='ocrx_word' id='word_1_244' title='bbox 377 4241 404 4300; x_wconf 74' lang='lat'>4.</span> <span class='ocrx_word' id='word_1_245' title='bbox 424 4241 458 4300; x_wconf 97' lang='lat' dir='ltr'>V.</span> <span class='ocrx_word' id='word_1_246' title='bbox 478 4239 595 4320; x_wconf 87' lang='lat' dir='ltr'>stroph.</span> <span class='ocrx_word' id='word_1_247' title='bbox 618 4242 645 4301; x_wconf 80' lang='lat' dir='ltr'>i.</span> <span class='ocrx_word' id='word_1_248' title='bbox 683 4237 876 4320; x_wconf 75' lang='lat' dir='ltr'>Corrigenda</span> <span class='ocrx_word' id='word_1_249' title='bbox 900 4247 975 4302; x_wconf 90' lang='lat' dir='ltr'>sunt</span> <span class='ocrx_word' id='word_1_250' title='bbox 997 4240 1044 4302; x_wconf 92' lang='lat' dir='ltr'>Ol.</span> <span class='ocrx_word' id='word_1_251' title='bbox 1064 4241 1125 4300; x_wconf 85' lang='lat' dir='ltr'>vll.</span> <span class='ocrx_word' id='word_1_252' title='bbox 1145 4246 1175 4304; x_wconf 65' lang='lat'>⁶2.</span> 
     </span>
    </p>
   </div>
   <div class='ocr_carea' id='block_1_12' title="bbox 0 0 1469 4948">
    <p class='ocr_par' dir='ltr' id='par_1_13' title="bbox 0 0 1469 4948">
     <span class='ocr_line' id='line_1_36' title="bbox 0 0 1469 4948; baseline 0 0"><span class='ocrx_word' id='word_1_253' title='bbox 0 0 1469 4948; x_wconf 95' lang='lat' dir='ltr'> </span> 
     </span>
    </p>
   </div>
  </div>
 </body>
</html>
