2922 4948
502 431 539 470 nc
556 429 679 470 athetus
695 429 863 472 concuteris.
1172 412 1231 472 197

141 591 225 644 certe
236 581 397 664 putandus
408 583 466 644 erit
477 583 704 663 imperitissime
716 582 815 644 factus
827 601 905 668 esse,
921 583 975 664 qui
987 601 1147 646 caesuram
1159 595 1229 646 autc

142 707 251 748 vocem
266 685 435 749 encliticam
452 685 594 750 haberet:

227 807 307 889 falce
322 807 412 870 rubos
426 805 616 890 silicem-quc
630 814 754 870 resecat.

141 931 339 1010 Omninoque
360 948 417 990 nec
438 929 570 990 metricis
593 929 651 990 ista
674 947 800 990 caesura
816 939 887 990 nota
904 927 976 1009 fuit,
997 947 1094 1010 quum
1110 931 1231 992 Teren-

142 1037 246 1098 tianus
261 1036 386 1096 Maurus
401 1054 431 1095 v.
454 1035 546 1094 1988.
572 1031 724 1111 dactylico
745 1039 921 1094 tetrametro
936 1033 1107 1094 catalectico
1130 1034 1230 1114 sylla-

142 1139 217 1200 bam
233 1135 323 1217 addi,
349 1136 479 1216 sedita,
507 1145 542 1198 ut
557 1136 726 1215 penultima
741 1136 845 1198 brevis
861 1138 916 1216 sit,
936 1137 1063 1199 Servius
1078 1147 1182 1200 autem
1198 1139 1231 1198 in

142 1242 330 1305 Gentimetro
351 1260 382 1321 p.
405 1243 485 1302 isat
507 1239 600 1323 (apud
616 1238 822 1303 Gaislordium
842 1261 874 1322 p.
894 1239 980 1322 371.)
1004 1241 1061 1302 hoc
1083 1249 1227 1320 metrum,
1269 1223 1276 1234 ’

141 1343 227 1426 quod
241 1345 435 1408 Faliscum
450 1352 579 1424 vocant,
598 1363 636 1405 ex
654 1343 755 1406 tribus
771 1343 902 1424 dactylis
917 1325 948 1407 el
963 1344 1137 1426 pyrrhichio
1152 1364 1230 1406 con-

142 1459 225 1512 stare
245 1448 345 1529 dicat,
370 1467 443 1528 nec,
468 1467 562 1528 quem
582 1449 650 1510 cius
671 1457 828 1510 auctorem
848 1458 1035 1528 memorant,
1062 1449 1228 1531 Septimius

141 1555 279 1616 Serenus
306 1553 487 1614 observasse
517 1551 600 1613 illam
627 1569 787 1614 caesuram
814 1551 974 1614 videatur:
1005 1571 1084 1632 quae
1115 1555 1171 1614 etsi
1199 1554 1231 1616 in

134 1665 289 1737 -quattuor
310 1657 416 1718 Sereni
436 1655 580 1718 versibus
607 1655 691 1736 apud
714 1657 931 1718 Terentianum
954 1676 983 1718 v.
1005 1657 1242 1718 2004-200t.·

140 1769 213 1822 ante
229 1779 378 1841 paeonem
402 1769 465 1841 est,
485 1769 605 1842 tamen,
632 1761 658 1822 si
674 1761 808 1822 Serenus
831 1780 937 1822 omncs
955 1780 1065 1824 versus
1087 1758 1128 1822 ad
1144 1759 1229 1823 istud

140 1864 320 1944 exemplum
336 1862 482 1944 iecisset,'
498 1883 560 1926 non
582 1874 630 1928 est
644 1865 809 1926 verisimile
825 1862 857 1925 id
873 1865 1012 1926 metricos
1033 1865 1074 1926 ita
1090 1864 1226 1948 latuisse,

139 1977 177 2030 ut
191 1987 250 2029 nec
267 1969 468 2032 Terentianus
484 1988 514 2030 ν.
537 1971 631 2030 aaut.
653 1970 745 2031 1998.
764 1968 900 2030 scrihere

227 2091 277 2153 ccl
290 2091 319 2152 si
330 2091 455 2172 ponitur
470 2107 549 2153 unus
564 2089 654 2168 olcus,

228 2193 305 2255 tolio
319 2193 407 2256 docta
424 2194 543 2256 Falisca
558 2193 691 2274 lepimcs,

140 2336 198 2377 nec
214 2316 340 2378 Servius
357 2316 413 2376 hoe
429 2314 607 2397 exemplum
623 2333 737 2400 ponere
753 2312 960 2376 dubitaverit:

229 2438 313 2500 docta
333 2437 463 2526 Falisco,
484 2436 609 2514 Serene,
627 2454 770 2516 reparas.

226 2639 342 2726 5535.
368 2643 484 2706 Eadem
508 2645 624 2706 ratione
649 2644 682 2704 in
703 2644 905 2722 anapaesticis
929 2647 1066 2706 numeris
1088 2654 1227 2708 utuntur.

141 2749 250 2828 Eurip.
270 2746 420 2811 Androm.
444 2749 535 2808 1181.
558 2749 649 2810 1191.

228 2860 434 2950 Σιμοεντίδα
449 2857 529 2951 παρ’
551 2857 662 2929 ἀκτάν.

225 2968 348 3057 βροτὸς
368 2964 418 3046 εἷς
441 2964 523 3034 θεὸν
544 2961 685 3054 ἀνάψαι.

225 3177 341 3262 ἐ536.
375 3178 514 3242 Alterum
539 3198 637 3259 genus
659 3199 864 3243 numerorum
888 3191 1114 3261 concretorum,
1148 3181 1233 3260 quod

137 3285 428 3349 commemoratione
444 3283 573 3364 dignum
589 3291 653 3362 est,
679 3283 711 3344 in
734 3284 918 3362 epitritis
942 3283 1138 3346 secundis
1161 3303 1232 3346 eer-

138 3393 233 3468 nitur,
249 3389 304 3469 qui
315 3388 409 3468 vulgo
420 3388 453 3448 in
465 3386 623 3448 trochaicis
637 3388 741 3448 metris
753 3387 909 3450 numerari
922 3387 1031 3450 solent.
1060 3388 1179 3450 Dictum
1193 3387 1232 3450 dc

138 3497 185 3557 his
201 3495 235 3555 in
249 3491 323 3554 diss.
342 3491 380 3554 dc
394 3471 561 3552 metrorum
574 3489 780 3570 quorumdam
796 3509 940 3552 mensura
954 3491 1136 3572 rhythmica,
1152 3511 1232 3574 quac

137 3601 231 3660 etiam
248 3594 350 3656 libello
362 3594 401 3656 dc
419 3595 523 3656 metris
531 3592 651 3656 Pindari
666 3595 698 3654 in
714 3595 842 3673 repetita
858 3593 992 3657 editione
1003 3596 1161 3676 lleyniana
1176 3598 1230 3659 in-

138 3712 221 3764 serta
238 3709 295 3761 cst.
323 3701 383 3760 Hos
395 3699 532 3778 epitritos
548 3717 609 3760 non
626 3716 694 3759 csse
708 3696 848 3779 dipodias
861 3699 1040 3779 trochaicus,
1059 3719 1119 3764 non
1133 3701 1232 3764 solum

137 3827 176 3869 ex
193 3825 229 3866 eo
245 3811 388 3885 apertum
405 3811 466 3881 est,
490 3800 575 3882 quod
598 3799 773 3880 spondeus,
800 3819 862 3882 quo
882 3801 1050 3881 finiuntur,
1079 3805 1232 3885 legitimus

138 3930 194 3990 pes
210 3916 277 3986 est,
297 3905 353 3968 sed
369 3906 505 3986 postulat
519 3905 552 3967 id
568 3907 666 3966 omnis
683 3907 873 3985 carminum,
894 3908 923 3967 in
941 3907 1055 3987 quihus
1072 3926 1247 3988 usurpan-.

138 4024 207 4094 tur,
235 4010 450 4090 conformatio,
477 4028 556 4089 quae
579 4010 722 4070 trochaici
745 4011 867 4072 numeri
890 4011 1046 4071 levitatem
1065 4011 1156 4093 plane
1172 4010 1235 4072 ad-

138 4126 322 4200 spernatur‚
349 4114 570 4194 confirmatque
594 4132 659 4174 rem
683 4113 839 4176 harmonia
857 4113 981 4193 Dorica,
1008 4133 1103 4196 quam
1119 4116 1156 4175 iis
1172 4114 1236 4175 ad·
1303 4113 1307 4117 ’

139 4221 270 4283 hibitam
286 4237 355 4280 esse
371 4237 411 4280 ex
426 4215 555 4278 Pindaro
571 4225 699 4280 constat.
1201 4233 1205 4238 ·
