2930 4962
728 379 893 421 uulturio.

354 520 521 612 ψεύσταν,
547 517 681 606 όίδικον,
705 524 894 611 προδόταν,
917 521 955 604 ὃς
979 525 1221 614 Τιμοκρέοντα,
1248 529 1357 609 ξεῖνον

844 629 940 712 ἐόντ’,

355 733 525 826 ἀργυρίοις
562 743 813 824 σκυβαλικτοῖσι
851 737 1025 822 πεισθείς,
1058 737 1098 808 οὔ
1131 749 1273 830 κατᾶγεν
1306 741 1358 821 εἰς

353 843 484 932 πάτραν
503 841 661 929 Ἰάλυσον,
945 924 947 928 ,

356 950 467 1038 λαβὼν
489 953 527 1020 δὲ
547 949 611 1042 τρί’
643 951 800 1042 ἀργυρίου
823 951 967 1037 τάλαντ’,
992 953 1053 1042 ἔβα
1075 955 1186 1022 πλόων
1208 953 1258 1036 εἰς
1280 951 1357 1024 dte-

628 1063 634 1071 ’
845 1069 941 1148 δρον,

356 1166 434 1248 τοίς
460 1168 521 1254 μὲν
549 1162 700 1257 κατάγων
729 1167 869 1251 ἀδίκως,
896 1169 974 1248 τοὺς
1005 1166 1034 1236 δ
1064 1168 1245 1253 ἐκδιώκων,
1277 1170 1358 1250 τούς

301 1325 304 1334 ‚
357 1277 395 1344 δὲ
417 1274 562 1353 καίνων,Ι
582 1273 746 1365 ἀργυρέων
767 1275 958 1358 ὑπόπλεως,

355 1378 491 1466 Ἰσθμοῖ
534 1384 571 1450 δὲ
608 1383 795 1464 πανδοκεδς
825 1375 963 1473 γελοίως
1004 1383 1129 1475 ψυχρὰ·
1150 1385 1229 1470 κρέα
1267 1409 1358 1472 παρ·
1454 1397 1455 1408 ’

493 1489 495 1492 ’
846 1491 944 1576 έχων·

359 1593 396 1663 οἳ
421 1593 450 1664 δ’
479 1591 617 1688 ἤσθιον,
648 1592 807 1688 κηίίχοντο
836 1596 881 1688 μὴ
910 1597 1000 1686 ὥραν
1030 1601 1275 1685 Θεμιστοκλεῦς
1300 1625 1360 1689 γε-

348 1727 351 1732 ’
811 1705 940 1774 odocar.

216 1947 223 1972 ·
273 1923 452 1992 Videndum
473 1924 593 2010 primo,
614 1920 660 2012 μὴ
683 1931 785 1991 utrum
808 1925 1013 2006 adverbum,
1037 1946 1079 1992 an
1094 1927 1136 1993 ad
1157 1948 1271 1994 nomen
1286 1949 1360 2014 per-

273 2034 383 2099 tineat.
414 2033 465 2097 Ad
486 2033 616 2098 verbum
641 2038 750 2116 aperte
776 2034 895 2100 rettulit
916 2033 1189 2118 Theophylactus,
1213 2037 1258 2101 ita
1279 2038 1360 2103 scri-

275 2143 371 2207 bens:
389 2135 433 2227 μὴ
447 2137 554 2206 λ’κοιτο
567 2135 656 2225 ὥρας
671 2133 912 2221 ὁΛεόκιτιπος.
936 2143 1016 2208 (lum
1023 2143 1150 2210 nomine
1158 2143 1361 2209 coniunxisse
1454 2197 1455 2206 ,

274 2248 421 2314 videntur
441 2247 688 2331 Aristophanes,
713 2248 842 2327 Alexis,
865 2247 1069 2328 Timocreon,
1092 2250 1271 2328 Luciacus,
1295 2271 1360 2317 nou
1454 2255 1457 2290 '³

276 2357 377 2421 solum
392 2355 477 2438 quod
492 2375 554 2420 non
569 2355 822 2440 interposuerunt
836 2356 933 2420 aliam
947 2375 1069 2433 vocem,
1087 2356 1150 2422 sed·
1158 2358 1243 2440 quod
1250 2358 1361 2424 Alexis
1456 2377 1457 2397 λ

275 2470 359 2529 certe
374 2469 406 2528 et
420 2462 579 2527 Luciacus
593 2462 781 2547 particulam
803 2484 866 2528 non
888 2469 961 2548 post
985 2459 1046 2550 μή,
1075 2464 1131 2529 scd
1157 2469 1229 2548 post
1254 2460 1361 2547 δόρασι
1456 2469 1457 2500 λ

276 2572 478 2637 collocarunt.
511 2570 549 2634 In
564 2568 708 2635 Alexidis
727 2570 904 2653 fragmento
919 2571 1046 2654 quidem
1060 2571 1178 2638 excidit
1192 2573 1360 2655 particula,
1456 2579 1457 2604 λ

276 2678 332 2744 sed
349 2677 572 2744 restituendam
589 2696 660 2742 esse
675 2683 807 2744 metrum
822 2678 976 2745 ostendit:

953 2889 997 2982 μὴ
1020 2889 1126 2980 (ὅταν
1148 2889 1208 2977 μὲν
1233 2967 1235 2972 ,

363 2998 405 3064 τὰ
426 3003 492 3066 τῶν
511 2999 621 3064 κακῶν
644 2992 748 3066 ἵκοιθ’
772 2993 791 3064 δ
813 2995 892 3076 ’τούς
913 2996 1061 3086 θέρμους
1083 2999 1208 3090 φαγών.

280 3215 438 3282 Luciauus
461 3221 566 3280 autem
589 3215 628 3282 de
650 3217 755 3280 saltat.
781 3235 808 3281 c.
829 3222 859 3280 5.
877 3216 923 3282 itu
945 3215 1070 3283 scribit:
1093 3213 1138 3304 μὴ
1163 3205 1364 3302 δ’ρασινόίρα
1455 3203 1457 3286 s

281 3319 425 3409 ἱκοίμην,
443 3315 478 3386 τί
488 3345 521 3386 τι
536 3326 686 3388 τοιοῦτον
702 3315 907 3410 ἀνασχοίμην
922 3318 1016 3387 κοτέ.
1041 3323 1083 3388 Et
1097 3324 1144 3389 sic
1155 3323 1294 3408 saepius.
1320 3325 1364 3388 Ac
1452 3383 1457 3424 t

281 3450 472 3515 magnopere
487 3427 735 3496 honorationem
752 3437 864 3514 poetae
880 3430 1075 3508 confirmant,
1100 3431 1171 3513 qui,
1194 3427 1281 3518 εἰμὴ
1303 3451 1364 3496 non
1452 3489 1457 3520 ,

281 3538 451 3624 pertineret
473 3536 515 3602 ad
536 3556 669 3616 nomen,
701 3537 935 3622 superavissent
956 3537 1143 3620 particulam
1165 3539 1206 3603 ab
1226 3539 1362 3604 nomine.
1452 3521 1455 3526 ⁵

282 3646 367 3710 Nam
389 3647 457 3710 sive
476 3643 597 3709 hiatum
619 3643 760 3710 facerent
780 3645 842 3710 hae
857 3663 969 3724 voces,
995 3644 1144 3709 vitandus
1159 3643 1214 3734 ille
1228 3651 1314 3724 erat,
1340 3645 1366 3709 si

282 3774 346 3820 nou
361 3758 430 3818 erat
439 3752 656 3831 necessarium
674 3751 742 3817 sive
757 3772 814 3836 per
825 3751 1076 3839 syncophonesin
1092 3751 1364 3833 coniungerentur,
1454 3786 1455 3792 κ

285 3881 324 3928 ea
338 3860 410 3944 ipsa
424 3859 541 3925 indicio
556 3865 615 3938 cst,
634 3859 773 3954 separari
788 3859 847 3924 has
863 3879 955 3925 voces
971 3879 1034 3924 uon
1049 3858 1179 3937 debore,
1198 3857 1255 3923 sed
1269 3859 1366 3942 parti-

285 3969 390 4034 culam
412 3987 484 4032 cum
505 3967 633 4032 nomine
655 3985 725 4032 csse
746 3966 935 4049 copulatam.
968 3965 1050 4031 Hinc
1073 3971 1216 4051 apertum
1232 3984 1302 4030 csse
1316 3985 1367 4030 ar·
1456 4007 1457 4014 ι

286 4077 402 4154 bitror,
419 4074 680 4140 constructionem
703 4074 866 4139 verborum
889 4093 951 4138 non
974 4093 1045 4138 eam
1060 4091 1148 4151 esse,
1172 4093 1254 4154 quoe
1268 4073 1367 4156 primo

286 4183 440 4266 adspectu
465 4181 627 4259 uidentur,
654 4178 700 4268 μὴ
727 4179 834 4244 ἵκοιτο
861 4174 967 4264 δρας,
994 4179 1046 4244 vel
1073 4174 1217 4264 δόρασιν,
1245 4185 1301 4244 aut
1325 4176 1367 4271 μὴ
