2930 4962
269 373 308 432 54
679 388 734 430 orn.
756 388 788 430 u.
815 387 877 432 err.
896 387 942 430 rr.

266 561 343 622 que,
372 549 410 604 ut
431 560 470 606 ne
493 539 689 605 offensionem
712 539 803 605 faciat
828 539 1002 621 spondeus,
1030 539 1295 620 quemadmodum
1320 541 1354 604 in

267 645 359 708 Ennii
373 662 478 724 versu,

350 747 456 830 polum
471 746 581 812 mutire
592 744 705 828 plebeio
716 747 876 828 piaculum
891 754 944 814 cst.

267 851 316 914 vel
331 852 364 914 iu
379 851 476 916 Plauti
491 849 551 914 llil.
570 849 605 910 ll.
627 851 656 928 6,
676 851 727 912 12.

352 955 413 1016 οἱοὶ
425 953 500 1014 mlle·
513 951 695 1034 supplicium
709 953 868 1034 virporum
884 951 921 1013 dc
936 954 965 1016 te'
979 951 1089 1014 datur:

266 1076 360 1137 quem
390 1055 567 1119 emendavit
595 1054 751 1117 Bentleius
781 1053 820 1116 ad
850 1056 971 1116 Terent.
998 1051 1129 1133 Adelph.
1156 1057 1203 1118 lV.
1229 1057 1264 1134 2,
1297 1059 1352 1118 52.

267 1162 359 1222 Ennii
374 1178 484 1224 versus
498 1158 666 1239 elegantior
686 1157 774 1220 fieret
787 1158 845 1220 hoo
859 1157 967 1220 ordine
982 1157 1159 1238 verborum,
1182 1159 1295 1240 plebeio
1310 1168 1359 1225 cst

264 1265 430 1344 piaculum.
455 1259 564 1344 Vide§
581 1260 632 1322 79.
655 1263 726 1323 100.

352 1466 475 1549 5163.
516 1469 627 1530 Rarius
653 1469 751 1529 Latini
780 1476 900 1530 veteres
926 1467 1043 1530 abiecta
1074 1469 1158 1531 finali
1182 1488 1197 1532 s
1223 1471 1360 1538 brevem

267 1573 401 1635 vocalem
428 1573 597 1654 corripiunt
622 1573 654 1632 in
679 1580 816 1636 extremo
841 1571 921 1656 pede
947 1572 1077 1651 senarii,
1106 1581 1142 1634 ut
1166 1575 1292 1640 Plautus
1323 1577 1358 1638 in

268 1675 348 1740 llud.
366 1677 402 1738 ll.
425 1679 453 1753 6,
474 1677 525 1738 28.

263 1857 264 1862 1
352 1778 436 1857 clerc,
456 1777 627 1854 Palaestra,
644 1785 733 1862 utque
747 1773 927 1858 Ampelisca,
946 1775 999 1840 ubi
1012 1779 1074 1842 erti'
1090 1782 1192 1840 cunc?

653 2001 961 2013 ...ιι-*-

698 2181 811 2253 cAP.
830 2179 918 2254 XV.

460 2333 518 2402 De
544 2333 748 2404 trimetro
766 2331 956 2408 iambico
984 2333 1154 2406 claudo.

350 2501 374 2583 ἐ
398 2498 474 2568 164.
511 2502 706 2562 Trimeter
728 2499 916 2583 claudus,
943 2520 1036 2582 quem
1060 2495 1222 2585 σκάζοντα
1245 2508 1356 2574 Graeci

265 2616 376 2669 vocant
397 2606 437 2670 ab
454 2605 641 2688 Hipponacte
656 2604 874 2688 iambographo
896 2625 1008 2673 nomen
1028 2606 1122 2678 hahet
1137 2610 1350 2695 llipponaotei.

265 2713 340 2773 Eius
356 2709 465 2772 eadem
480 2708 556 2771 ratio
571 2718 629 2788 est,
653 2728 733 2790 quae
748 2709 892 2772 trochaici
907 2709 1018 2790 claudi,
1042 2711 1081 2778 de
1097 2731 1158 2793 quo
1174 2734 1241 2797 cap.
1257 2717 1349 2797 Vlll.‚
1444 2751 1445 2796 3

264 2816 283 2875 i.
304 2834 330 2875 e.
351 2813 459 2874 ultima
475 2813 542 2874 eius
557 2810 681 2895 dipodia
697 2831 736 2874 ex
752 2813 921 2892 antispasto
935 2822 1068 2878 constat:

350 2907 450 2963 υέέῦ

264 3018 328 3083 Sed
342 3019 438 3082 rarior
453 3026 500 3082 est
514 3018 546 3079 in
561 3018 661 3099 priore
677 3017 769 3079 huius
785 3019 946 3097 antispasti
961 3029 1048 3102 parte
1067 3022 1234 3104 spondeus,
1261 3027 1351 3090 mul-
1444 3027 1445 3050 *

263 3131 330 3185 tum
346 3121 396 3182 ille
412 3119 450 3183 de
466 3121 614 3201 elegantia
630 3121 751 3182 numeri
768 3119 942 3203 detrahens,
960 3132 996 3186 ut
1010 3125 1094 3206 apud
1110 3127 1323 3190 Theocritum:

349 3216 368 3286 6
383 3217 593 3305 μουσοποιὸς
608 3213 724 3291 ἐνθάδ’
736 3215 910 3302 ‘raculae
922 3225 1042 3307 κοῖται,

350 3319 382 3391 ei
395 3321 456 3408 pe
471 3319 627 3413 πονηρός,
647 3320 692 3412 μὴ
708 3321 869 3411 ποτέρχοο
885 3328 933 3414 τῷ
947 3321 1071 3416 τύμβῳ.

263 3432 356 3496 Multo
370 3433 495 3495 suavior
509 3441 556 3494 est
570 3450 669 3515 purus
685 3431 807 3494 iambus
823 3451 859 3493 eo
874 3432 953 3495 loco:

350 3526 396 3609 ὡς
411 3527 521 3616 οἱμὲν
536 3526 611 3618 (lyci
625 3526 796 3618 Βοοπᾶλῳ
812 3538 1013 3622 curaecium.

262 3638 302 3699 Et
316 3640 361 3700 sic
375 3639 473 3701 Latini
487 3647 611 3721 poetae,
638 3641 692 3718 qui
713 3639 746 3702 in
761 3637 818 3700 hoo
833 3648 930 3703 metro
949 3640 1115 3722 elegantiae
1130 3640 1345 3706 studiosissimi
1379 3625 1383 3636 ⁵

264 3750 346 3808 sunt.

348 3944 464 4028 5165.
503 3947 732 4029 lamhographi‚
764 3966 897 4029 qnorum
918 3951 1062 4032 proprius
1084 3960 1132 4013 est
1153 3953 1203 4014 hic
1222 3972 1341 4034 versus,
1443 4005 1444 4008 ,

263 4053 447 4135 plerumque
462 4072 534 4116 eum
549 4051 767 4116 nitidissimum
781 4051 935 4133 feoemnt,
961 4055 1060 4120 rarius
1076 4063 1198 4118 utentes
1212 4057 1342 4121 solutio-

263 4156 371 4237 nibus,
397 4165 429 4218 et
449 4157 539 4237 plane
561 4155 750 4220 abstinentes
772 4156 813 4218 ab
828 4165 1009 4238 anapaesto,
1035 4159 1094 4222 nisi
1116 4159 1200 4240 quod
1216 4144 1366 4227 Bobrius‘

266 4261 351 4327 hunc
371 4259 483 4342 pedem
503 4257 660 4325 interdum
681 4260 832 4342 inprime
851 4259 1080 4329 sodeadsoivit.
1114 4265 1147 4326 ln
1163 4266 1338 4346 antispasto,
