2922 4948
430 343 439 359 ⁸
516 377 554 418 ne
570 375 720 420 srrrorers.
1102 359 1165 421 205

73 525 269 610 temporum,
299 525 356 589 sed
379 530 535 590 trochaeos
558 539 713 592 semantos
736 527 965 610 duodenorum,
995 530 1110 611 quibus
1128 551 1163 592 ea

75 632 289 695 membrorum
311 634 466 713 proportio
487 642 518 693 et
538 635 722 714 comparatio
744 637 932 715 restituitur,
959 636 990 696 in
1013 654 1074 715 qua
1090 635 1165 696 nihil

71 747 136 818 est,
163 735 249 817 quod
264 735 448 816 reprehendi
463 737 570 817 possit.
604 738 710 798 inveni
732 747 835 800 autern
857 757 957 820 usque
972 739 1075 801 adhuc
1091 748 1165 800 tan-

72 853 140 903 tum
157 861 238 922 quos
254 840 412 902 trochaeos
428 850 600 919 semantoS,
626 839 763 903 nondum
780 861 857 922 quos
873 843 987 905 orthios
1003 861 1071 904 esse
1086 863 1164 923 pro-

72 946 180 1008 babile
198 944 364 1007 videretur.
398 944 484 1007 Pind.
503 945 590 1025 Pyth.
610 945 631 1006 l.

160 1067 223 1142 τᾶς
245 1056 362 1129 οἷκσέει
377 1061 468 1146 -μέν
488 1057 588 1148 βάσις
610 1055 752 1149 ἀγλαΐας
767 1103 783 1112 -
799 1058 916 1152 ἀρχά,

161 1163 403 1234 πεῖθον-ται
425 1159 455 1232 d’
478 1159 593 1233 ἀοιδοὶ
615 1163 770 1250 σάμασιν.

70 1291 249 1372 Aeschylus
267 1293 358 1354 Eum.
379 1292 451 1354 322.

158 1415 278 1498 μᾶτερ,
301 1405 379 1493 οἶμ’
403 1405 537 1492 ἔτικτες,
561 1403 621 1476 ὦ·
635 1415 777 1498 μᾶτερ.

160 1514 240 1596 Νύξ,
267 1506 407 1581 ἀλαοῖσι
422 1511 486 1594 ναὶ
507 1511 701 1600 δεδορκόσιν
716 1555 733 1564 -
748 1511 914 1580 ποινάν.

70 1641 132 1712 Qui
154 1658 283 1720 paeon
305 1639 496 1720 epibatus
518 1657 535 1700 a
558 1640 683 1702 musicis
699 1649 826 1702 vocatur
846 1649 951 1702 utrum
973 1639 1105 1702 duorum
1121 1659 1159 1701 an

69 1743 210 1824 plurium
232 1751 405 1823 temporum
427 1743 564 1823 syllabas
579 1742 707 1823 habeat,
732 1763 791 1806 non
813 1754 861 1804 est
876 1743 1033 1806 traditum.
1067 1745 1110 1805 De
1126 1763 1162 1805 eo

68 1845 223 1910 Aristides
252 1847 458 1919 Quintilianus
487 1865 519 1926 p.
539 1850 591 1910 38.
617 1844 730 1908 παίων
759 1840 938 1928 έπιβατός,
969 1841 1005 1910 ἐκ
1031 1849 1162 1931 μακροῖς

72 1944 204 2025 θέσεως
225 1945 283 2014 καὶ
304 1950 435 2036 μακροῖς
455 1939 600 2035 ῖῖρσεως,
632 1945 690 2014 καὶ
712 1944 773 2013 δύο
793 1953 930 2035 μακρῶν
952 1945 1082 2014 θέσεων
1103 1946 1160 2012 καὶ

67 2057 204 2137 μακρᾶς
230 2044 367 2138 ῖῖρσεως.
405 2055 444 2116 Et
464 2075 532 2136 pag.
554 2058 603 2118 98.
630 2048 757 2117 τούτων
785 2044 814 2115 δ’
838 2045 856 2118 ὁ
884 2049 1045 2137 ἐπιβατὸς
1071 2048 1159 2117 κεκί-

70 2179 168 2244 νηται
189 2154 334 2239 μᾶλλον,
364 2151 597 2242 σονταριῖττων
617 2151 739 2243 μέντῇ
768 2154 870 2243 διπλῇ
894 2153 991 2226 θέσει
1012 2152 1069 2243 τὴν
1091 2165 1159 2243 ψο-

67 2255 148 2346 χήν·
185 2256 220 2336 ές
246 2254 337 2348 ὕψος
364 2255 402 2326 δέ
428 2263 477 2346 τῷ
502 2256 643 2346 μεγέθει
671 2261 738 2323 τοῖν
766 2250 893 2346 ἅρσεων
920 2255 978 2346 τὴν
1007 2253 1159 2323 διάνοιαν

68 2357 252 2450 ἐξεγείρων.
304 2367 379 2428 Eius
413 2367 526 2428 mentio
556 2375 603 2426 est
632 2364 717 2446 apud
747 2365 940 2428 Plutarnhum
972 2365 1011 2426 de
1043 2367 1156 2426 musica

66 2491 97 2550 p.
122 2471 216 2532 rtlt.
234 2467 271 2532 A.
300 2472 392 2533 ttla.
413 2473 446 2532 B.
479 2472 617 2532 Fortasse
638 2470 694 2530 hoo
715 2488 843 2530 numero
863 2477 912 2530 est
934 2467 1017 2550 apud
1035 2468 1158 2546 Sopho-

67 2575 148 2636 elem
165 2576 196 2634 in
211 2572 363 2654 Antigona
380 2576 473 2636 arat.
495 2575 587 2636 ttae.
695 2575 698 2582 '

152 2695 271 2779 Δηοῦς
293 2689 327 2756 έν
348 2687 500 2768 κόλποις.

156 2792 325 2885 κισσήρεις
347 2787 461 2878 έχθαι.

59 2897 129 2981 'Sex
145 2921 254 3001 longae
270 2919 409 3001 syllabae
424 2920 604 2982 ooniunotae
620 2929 693 2981 sunt
708 2919 793 2998 apud
808 2918 973 2982 Pindarum
989 2921 1036 2981 Ol.
1057 2917 1104 2980 lv.
1124 2922 1151 2980 i.

155 3033 270 3117 ξείνων
292 3031 322 3102 d'
345 3025 382 3103 εὖ
403 3034 627 3124 πρασσόντων.

154 3135 206 3230 εἴη
228 3141 370 3218 λοιπαῖς
392 3135 514 3223 εὐχαῖς.

456 3359 764 3371 ..ι-Μ...»-

494 3531 728 3601 onem.
815 3567 818 3572 ·
914 3543 926 3558 ⁵

409 3683 802 3778 Destrophis.

150 3853 267 3937 §565.
301 3855 472 3934 Versuum,
498 3861 717 3934 systematum,
744 3853 939 3931 stropharum
959 3851 1151 3914 definitiones

65 3963 178 4022 metrici
203 3978 261 4046 eas
278 3967 465 4040 posuerunt,
496 3956 611 4037 quibus
634 3955 810 4038 perturbari
832 3958 928 4037 magis
951 3967 981 4017 et
1004 3942 1150 4016 confundi

63 4067 218 4143 notiones,
245 4081 339 4143 quarn
362 4061 508 4143 explicari
532 4070 625 4140 atque
647 4059 793 4141 distingui
815 4078 940 4121 neeesse
962 4061 1010 4120 sit.
1039 4060 1150 4142 ¹Quare

63 4187 118 4229 nos
133 4169 202 4229 aliis
217 4165 440 4227 dilinitionibus
456 4164 580 4224 utimur.
615 4164 761 4226 Versus
784 4173 832 4224 est
852 4180 1000 4224 numerus
1023 4179 1104 4223 unus
1119 4170 1150 4221 et

62 4273 189 4352 integer,
210 4271 264 4349 qui
280 4289 342 4330 uuo
357 4269 468 4360 spiritu
485 4267 674 4344 pronuntiari
690 4277 798 4344 potest.
876 4341 880 4348 ι
