2930 4962
231 305 272 366 24
655 323 711 366 ere.
731 323 751 364 ι.
778 323 840 366 eor.
859 323 887 364 x.

228 473 330 556 Atque
351 478 383 537 in
406 477 504 538 soluta
526 478 586 538 arsi
601 478 700 556 pn'ma
716 474 901 554 dochmiaei,
928 481 959 536 et
980 474 1106 554 quidem
1127 476 1159 536 in
1182 484 1314 556 utraque

228 581 296 640 eius
312 579 450 660 syllaba:
476 579 605 642 formsse
620 581 712 642 etiam
731 581 762 640 in
778 579 885 641 ultima
901 578 1040 642 eiusdem
1056 597 1165 642 versus
1180 581 1251 642 arsi.

314 835 337 917 ᾗ
352 835 406 902 83.
434 839 468 900 ln
483 839 580 900 veteri
591 838 776 900 Graecorum
791 839 876 919 poesi
891 840 974 918 epiea
990 838 1144 920 legitimus
1159 847 1207 901 est
1220 839 1313 918 etiarn

185 937 188 943 ⁴
227 942 252 1002 is
269 941 381 1020 hiatus,
401 942 456 1022 qui
472 943 506 1002 lit
520 943 552 1002 in
568 941 656 1021 longa
673 941 790 1022 syllaba
806 942 888 1002 arsin
903 941 1046 1020 habente,
1065 950 1101 1003 ut

314 1049 333 1076 Ἃ

312 1081 331 1144 η
347 1054 408 1138 μὲν
424 1053 473 1124 ἐνὶ
487 1055 657 1144 πτολέμῳ,
673 1051 724 1145 ἧδ’
742 1051 869 1144 ἀλλοίῳ
886 1054 945 1124 ἐπὶ
961 1053 1054 1144 ἔργῳ.

227 1181 422 1262 Omninoque
443 1183 520 1242 haeo
541 1184 643 1261 poesis
666 1183 757 1244 etiam
779 1183 884 1244 multis
905 1182 972 1244 aliis
995 1181 1094 1244 modis
1116 1183 1232 1279 hiatum
1248 1182 1313 1246 ad-

226 1285 321 1364 misit,
347 1285 387 1347 de
403 1285 518 1364 quibus
533 1286 720 1365 explicatum
737 1287 767 1348 in
785 1286 999 1350 dissertatione
1021 1284 1060 1346 de
1083 1295 1183 1348 aetate
1196 1287 1313 1368 Orphei

226 1385 509 1467 Argonautieorum.
539 1390 586 1450 Ex
602 1389 650 1450 his
666 1390 873 1452 memorabilis
888 1397 936 1451 est
949 1389 1051 1450 hiatus
1067 1390 1099 1449 in
1114 1389 1201 1470 longa
1218 1391 1309 1469 thesi,

136 1493 152 1524 '·
188 1536 193 1546 ,
225 1491 327 1571 quarti
343 1490 431 1569 pedis
447 1501 572 1572 propter
590 1494 759 1572 graviorem
776 1493 817 1554 ibi
833 1511 992 1554 caesuram
1006 1493 1166 1572 proprius:

741 1605 841 1676 πόλιν
855 1606 914 1674 καὶ
927 1600 1016 1697 ἤθεα
1031 1607 1130 1674 λαῶν.

310 1849 402 1931 §84
437 1854 537 1933 Lyriei
560 1855 591 1915 in
614 1852 773 1934 dactylicis
796 1856 933 1916 numeris
956 1862 1130 1935 sequuntur
1151 1856 1310 1935 epicorum

224 1957 413 2036 exemplum,
428 1955 484 2019 sed
500 1957 648 2019 modeste.
675 1960 710 2019 ln
722 1957 883 2020 ordinibus
896 1958 1029 2021 duarum
1045 1959 1235 2037 syllabarum
1247 1978 1310 2020 non

223 2058 282 2118 nisi
304 2060 336 2118 in
359 2059 448 2139 longa
470 2061 548 2139 arsi,
575 2070 642 2122 tum
665 2061 756 2122 etiam
779 2063 811 2120 in
833 2061 922 2142 longa
939 2062 1031 2139 thesi,
1057 2080 1118 2142 qua
1135 2061 1310 2124 membrum

224 2161 339 2239 linitur,
359 2162 477 2224 hiatum
493 2163 552 2224 sibi
567 2162 748 2244 indulgent:
760 2155 799 2225 'ut
814 2163 981 2226 Pindarus:

308 2270 330 2366 ἢ
346 2275 555 2372 Καστορείῳ,
572 2273 713 2367 ἢἸολά-

309 2403 346 2446 ου
364 2374 545 2469 ἐναρμόξαι
558 2406 616 2466 μιν
630 2379 731 2470 ὕμνῳ.

307 2624 406 2706 585.
445 2629 572 2690 Romani
597 2637 724 2709 poetae,
754 2647 886 2708 quorum
908 2629 1011 2710 lingua
1038 2647 1099 2690 non
1120 2629 1207 2692 novit
1227 2649 1308 2710 apo-
1347 2651 1349 2658 ’

221 2731 392 2810 strophum‚
418 2731 536 2819 hiatum
552 2733 615 2794 fere
630 2734 661 2794 in
677 2733 750 2794 solis
766 2733 863 2812 longis
878 2732 1005 2811 syllabis
1020 2732 1161 2811 probant,
1187 2741 1218 2793 et
1232 2735 1308 2814 qui-

222 2831 292 2894 dem
317 2832 468 2912 producta
494 2834 612 2910 syllaba
638 2835 741 2896 hiante
767 2843 887 2896 tantum
913 2837 945 2896 in
971 2834 1129 2915 dactyliois
1155 2838 1303 2914 numeris

220 2935 315 3015 idque
338 2938 527 3016 necessario,
558 2937 613 2998 ubi
638 2947 786 3018 sequente
812 2938 900 3000 brevi
925 2938 1046 3018 syllaba
1069 2939 1218 3019 synizesis
1242 2941 1308 3002 lieri

108 3078 112 3086 ,
221 3040 344 3118 nequit:
364 3047 400 3100 ut

306 3155 452 3238 Amphion
468 3161 616 3222 Dircaeus
631 3163 663 3222 io
680 3160 787 3224 Actaeo
803 3159 983 3243 Aracyntho,

307 3261 444 3324 lamentis
459 3265 627 3344 yemituque
644 3273 671 3326 et
684 3264 810 3344 femineo
825 3265 965 3338 elutum

222 3391 253 3442 et
268 3381 352 3462 apud
366 3378 485 3444 Attium
500 3385 532 3444 in
547 3381 720 3448 Annalibus
736 3385 821 3465 apud
834 3387 1020 3448 Macrobium
1036 3388 1098 3448 Sat.
1119 3389 1140 3447 l.
1162 3387 1191 3448 7.

256 3583 259 3589 Ι
737 3515 765 3568 et
779 3527 840 3570 eros
857 3509 987 3570 traditus
1005 3506 1086 3569 illine

308 3608 373 3683 iste,
392 3615 427 3668 ut
441 3625 508 3668 eum
526 3608 651 3669 dominis
667 3609 781 3688 famuli
795 3611 952 3691 epulentur
968 3611 1095 3684 ibidem5

221 3737 281 3784 non
299 3727 481 3806 necessario,
506 3726 571 3806 ubi,
591 3727 670 3808 quae
686 3731 835 3809 sequitur,
857 3731 945 3810 longa
961 3740 1018 3809 est,
1038 3750 1135 3812 eoque
1150 3733 1305 3810 synizesin

221 3829 286 3888 lieri
301 3829 426 3908 patitur,
447 3839 482 3890 ut

308 3949 468 4011 Nereidum
484 3953 586 4028 taetri,
606 3959 634 4013 et
648 3953 781 4032 Neptuno
798 3952 930 4035 Aequam}

221 4078 275 4130 aut
290 4068 344 4130 ubi
360 4069 448 4149 longa
464 4079 613 4151 sequente
629 4073 791 4151 corripitur
806 4073 926 4154 syllaba
941 4076 1039 4156 hians,
1060 4085 1095 4137 ut

305 4189 423 4252 insulae
437 4191 520 4254 Jooto
537 4193 568 4252 to
583 4209 700 4275 meyero.
