2896 4960
264 425 325 488 132
643 436 752 488 unm.
787 445 848 488 mr.
868 445 969 488 xxxin.

392 597 474 659 duaci
483 647 490 677 ‚
509 596 604 660 Ιιάόαί
615 607 763 678 scortum,
782 601 902 680 potavi,
922 599 1005 676 dedi,
1026 598 1152 662 donavi:
1178 607 1209 661 ut
1222 598 1288 660 arim
1297 595 1326 669 id

1171 705 1252 764 νόνο.

287 860 291 868 .
347 825 399 887 eqo
421 797 565 868 daretne
588 805 692 868 ludum
712 809 775 869 mel
796 805 1042 888 paolo-institui
1063 813 1151 889 atque
1171 806 1263 866 aolino
1282 821 1326 864 aa

1073 909 1250 991 obsequium.

390 1032 520 1097 aequum
535 1015 598 1078 isse
611 1021 700 1094 poto:
719 1013 873 1076 aeditimis
890 1014 958 1077 nolo
974 1013 1116 1076 desidiae.
1135 1009 1328 1076 ouocMoesl-

1129 1115 1252 1190 belum,

346 1221 425 1303 qood
447 1223 610 1300 mandavi,
635 1223 715 1300 viso,
739 1221 845 1303 ecquid
865 1241 933 1283 eum
955 1221 997 1283 ad
1016 1219 1155 1284 virtilem
1176 1235 1329 1301 operosae

963 1332 964 1335 ’
1071 1323 1252 1405 compulerit,

389 1426 477 1506 sicit,
495 1429 524 1490 si
537 1427 683 1508 convenit,
701 1429 762 1490 scio
777 1427 882 1509 [οαοεο
893 1430 980 1502 :eost
992 1429 1110 1510 νὀρααό
1125 1432 1227 1490 notus.

640 1883 751 1954 OAP.
769 1885 960 1954 XXXIII.

530 2052 582 2123 De
609 2041 868 2148 anapaestis
896 2030 1066 2147 cycl'iis.

339 2220 455 2305 5393.
488 2223 701 2306 Anapaesti
724 2226 844 2304 cyclii
870 2202 1035 2302 iocantur,
1060 2231 1096 2284 ut
1114 2223 1132 2306 §
1150 2225 1224 2286 359.
1255 2218 1329 2283 indi-

138 2375 139 2380 η
253 2336 370 2408 catum,
396 2331 450 2409 qui
473 2329 556 2390 arsin
576 2329 782 2391 irrationalem
806 2328 931 2390 habent.
972 2328 1057 2408 lique
1078 2347 1136 2390 nec
1157 2327 1328 2390 solutionem

253 2431 436 2511 admittunt,
461 2433 519 2493 nisi
540 2431 616 2493 forte
639 2432 671 2492 in
697 2432 820 2493 nomine
843 2432 983 2513 proptio,
1008 2450 1066 2492 nec
1089 2430 1225 2512 dipodiis
1250 2433 1328 2492 ince-

254 2534 342 2615 dunt,
367 2555 466 2616 eoque
486 2535 577 2597 etiam
599 2554 726 2598 caesura
748 2543 863 2598 carent.
896 2535 990 2599 Multa
1005 2535 1115 2597 horum
1131 2543 1163 2596 et
1179 2537 1264 2598 varia
1280 2551 1329 2612 ge·

252 2657 326 2701 nera
342 2648 424 2701 sunt.

211 2867 215 2877 ⁵
337 2875 450 2961 5394.
470 2879 899 2944 Referunttnhucametricis
909 2879 1050 2960 dactylici
1062 2880 1190 2960 quidam
1202 2880 1324 2957 numeri,
1412 2857 1413 2930 i

252 2985 305 3064 qui
321 2985 485 3046 anacrusin
499 2983 616 3045 habent
630 2985 813 3064 iambicam,
839 3004 937 3064 eoque
952 2987 1074 3066 proprie
1090 3003 1152 3047 non
1166 2996 1243 3049 sunt
1257 3003 1325 3047 ana-

209 3123 212 3131 ,
248 3088 357 3168 paesti.
382 3089 422 3150 Vt
436 3088 493 3148 hcc
509 3097 642 3149 metrum
657 3086 845 3150 Archilochi:

332 3199 550 3295 Ἐρασμονίόη
573 3201 735 3294 Χαρίλαε.

334 3305 489 3400 Δήμητρί
509 3334 545 3376 τε
566 3312 680 3402 χεῖρας
701 3303 861 3394 ἀνασχών.

245 3421 282 3494 ¹ln
298 3453 360 3514 quo
372 3452 465 3497 versu
480 3436 507 3498 si
522 3446 724 3518 anapaestum
739 3437 770 3498 in
782 3435 932 3518 principio
943 3437 1083 3518 posuisse
1099 3456 1326 3521 nonnumquam

249 3537 372 3600 ridetur
387 3535 598 3620 Archilochus,
617 3541 783 3602 contractio
798 3542 902 3620 potius
917 3539 1073 3603 facienda:

333 3653 425 3743 ἐρέω,
448 3653 534 3721 πολὺ
559 3651 701 3746 φίλταθ’
725 3651 876 3744 ἑταίρων.

333 3757 473 3849 φιλέειν,
499 3757 634 3848 στυγνόν
655 3783 720 3848 περ
744 3757 851 3828 ἐόντα.

247 3886 335 3948 llunc
351 3903 475 3948 versum
490 3893 522 3947 et
536 3886 631 3948 alium
645 3905 708 3948 nna
723 3885 845 3965 syllaba
856 3885 1028 3949 breviorem
1043 3888 1147 3968 posuit
1158 3885 1324 3969 Aeschylus

246 3990 277 4051 in
293 3990 376 4071 Sept.
397 3987 436 4050 ad
452 3989 549 4051 Theb.
570 3989 642 4054 757.

332 4101 480 4194 ἐγείνατο
501 4103 559 4190 μὲν
580 4102 684 4194 μόρον
705 4101 800 4195 crispi

331 4206 556 4298 πατροκτόνον
580 4206 778 4279 Οἰδιπόδαν.
