2930 4962
558 389 595 430 ns
610 385 764 429 moseum.
1167 365 1208 428 25

121 541 267 602 Per-ranis
282 549 330 602 est
340 542 443 604 hiatus
458 543 490 602 iu
501 539 589 601 brevi
604 539 734 620 syllaba,
754 557 855 618 neque
870 537 921 600 ille
932 537 1129 620 excusabilis,
1150 540 1209 602 nisi

119 641 288 704 accedente
303 641 559 726 interpunctionis
575 661 669 724 mora,
689 651 724 706 ut
738 642 823 724 apud
839 642 995 722 Virgilium
1004 641 1080 704 Aen.
1097 644 1119 707 1.
1133 645 1204 704 l05.

119 745 184 806 Ecl.
204 747 239 806 ll.
260 747 311 808 53.

208 874 237 927 et
250 885 324 928 veru
341 869 458 929 incessu
471 867 572 948 poluit
586 866 660 928 deo:
679 865 726 928 itte
740 865 794 928 ubi
807 873 946 928 matrem.

209 969 324 1031 addam
340 989 427 1032 cereo
438 989 560 1050 pruno:
579 969 668 1030 honos
684 971 741 1030 crit
756 969 825 1031 huic
841 987 954 1051 quoque
966 988 1065 1050 pomo.

118 1091 158 1152 Et
172 1089 260 1174 apud
276 1089 429 1152 Catullum
446 1091 494 1150 lll.
517 1093 565 1152 tu.

206 1216 223 1252 o
238 1193 357 1273 farctum
372 1194 461 1272 mole,
480 1214 496 1255 o
512 1193 624 1256 miselle
637 1211 755 1273 passer.

204 1431 300 1516 586.
327 1431 419 1516 Apud
441 1443 547 1514 poetas
569 1433 706 1496 soenious
729 1435 761 1494 in
782 1435 943 1497 trochaicis
959 1436 1096 1498 numeris
1120 1455 1208 1500 voces

122 1537 371 1616 monosyllabae,
397 1546 506 1600 natura
528 1537 652 1616 longae,
678 1538 829 1600 insoluta
853 1540 916 1600 arsi
931 1539 1026 1600 ictum
1042 1538 1203 1620 habenteS,

122 1651 357 1720 correptaeque,
383 1641 563 1722 saepissime
578 1640 696 1702 hiatum
711 1639 845 1704 iaciunt:
872 1640 1000 1704 eaedem
1015 1643 1101 1704 hiant
1115 1645 1207 1704 etiam

118 1746 149 1805 in
165 1742 304 1806 secunda
320 1743 442 1824 syllaba
457 1742 580 1824 dactyli.
615 1745 713 1825 Saepe
729 1746 822 1807 etiam
843 1745 940 1807 biatui
954 1745 1133 1809 excusando
1157 1748 1207 1810 vel

118 1867 269 1929 personae
285 1848 414 1910 mutatio
429 1846 574 1922 inservit;
593 1846 703 1910 Pseud.
723 1849 745 1909 1.
767 1851 795 1928 5,
817 1849 867 1909 38.

206 1951 260 2012 oto·
273 1949 461 2014 auscultabo.
495 1949 554 2010 PS.
572 1949 636 2009 ltor
651 1950 692 2010 cd
707 1959 743 2024 te,
764 1949 914 2013 Pseddole.

125 2056 175 2116 vel
190 2056 286 2134 siqua
304 2054 362 2115 alia
379 2053 414 2114 fit
427 2069 526 2134 pausa
542 2053 573 2112 iu
589 2053 755 2114 recitando.
791 2055 828 2114 Vt
845 2056 876 2114 in
891 2055 993 2118 Sticho
1009 2057 1030 2117 l.
1052 2059 1081 2134 3,
1104 2059 1174 2120 tta.

207 2158 257 2219 red
271 2159 375 2219 decom
391 2157 554 2219 Dioncium
570 2157 634 2218 dius
645 2175 788 2238 puerum.
812 2189 846 2204 ·-
865 2157 917 2220 loc
932 2159 1011 2222 vide.

121 2259 227 2343 Vide§
247 2261 317 2322 102.

199 2485 224 2567 §
240 2481 296 2550 87.
332 2484 472 2548 liiatibus
494 2483 739 2548 adnumerantur
754 2484 839 2565 apud
854 2486 976 2546 Latinos
992 2485 1130 2566 syllabae
1147 2486 1204 2548 lit-

64 2613 66 2618 *
112 2599 177 2652 tera
200 2609 231 2650 m
255 2591 454 2668 terminatae,
479 2605 559 2667 quae
582 2595 686 2648 muron
709 2588 848 2668 syllabae
870 2607 932 2650 nou
947 2587 1123 2665 elidendae,
1149 2588 1205 2650 sed

113 2694 271 2755 celeritate
296 2690 516 2773 pronuntiandi
539 2690 750 2752 obscurandae
774 2699 864 2768 sunt,
899 2700 934 2753 ut
955 2709 995 2752 ex
1016 2691 1205 2762 Quintiliano

115 2797 161 2858 lll.
178 2800 208 2874 l,
221 2801 274 2856 aa,
289 2799 338 2858 to.
358 2795 485 2874 intelligi
497 2803 607 2874 potest.
635 2795 697 2854 llae
712 2792 880 2871 interdum,
901 2795 1033 2854 maxima
1049 2795 1080 2855 in
1093 2813 1205 2856 mono-

113 2899 254 2980 syllabis,
275 2900 307 2961 in
324 2899 492 2978 dactylioae
503 2899 625 2960 theseos
636 2898 730 2977 priori
742 2905 879 2978 tempore
894 2896 985 2977 plene
995 2899 1205 2977 pronuntian-

113 3011 178 3083 tur,
197 3011 237 3068 ut
250 3001 338 3083 apud
352 3003 528 3065 Lucretium
544 3003 591 3064 lll.
614 3003 707 3064 ⁴095.

199 3105 256 3170 sed
277 3106 350 3168 dum
373 3103 473 3183 obest,
500 3105 580 3186 qaod
602 3123 744 3185 avemus,
769 3105 801 3168 id
815 3123 1003 3187 eoosoperora
1018 3105 1149 3168 videtur.

113 3219 144 3272 et
159 3207 247 3290 apud
263 3209 422 3272 Horatium
439 3208 536 3270 Serm.
557 3209 591 3268 ll.
612 3210 642 3287 2,
663 3209 715 3269 98.

612 3319 690 3374 cocto
706 3329 780 3372 oum
795 3311 881 3374 adest
896 3310 989 3374 aanor
1004 3312 1092 3374 idem.

113 3417 224 3478 Rarius
248 3415 279 3474 in
305 3411 492 3494 longioribus
516 3413 674 3477 vocabulis
696 3424 728 3476 et
755 3415 787 3476 in
810 3416 870 3476 fine
892 3413 1022 3495 dactyli,
1056 3424 1092 3476 ut
1118 3415 1204 3497 apud
1326 3477 1329 3486 ,

113 3519 250 3581 Ennium
268 3518 300 3578 in
316 3520 353 3580 X.
373 3515 484 3578 Annal.

199 3622 346 3702 iosipnita
360 3617 426 3698 sere
441 3627 503 3681 tum
517 3619 615 3681 millio
630 3620 757 3680 militum
774 3627 847 3682 octo.

113 3733 143 3784 et
163 3743 228 3785 non
253 3724 349 3784 semel
372 3720 457 3804 apud
479 3724 662 3784 Lucretium.
705 3721 854 3785 Producta
876 3723 996 3802 syllaba
1019 3724 1105 3805 apud
1126 3726 1202 3786 Pro-

112 3827 246 3904 pertium
263 3827 298 3886 ll.
321 3826 370 3904 lt,
394 3828 421 3885 t.

199 3950 215 3988 o
233 3948 279 3990 me
294 3927 431 4008 felicem:
448 3949 464 3988 o
480 3949 545 3992 nom
561 3929 637 3990 milri
650 3930 793 3992 candido.

114 4029 206 4110 Apud
222 4033 359 4092 scenicos
381 4042 486 4112 poetas
510 4031 573 4094 lere
596 4033 808 4112 monosyllaba
832 4034 863 4093 in
886 4034 946 4094 latu
965 4035 1082 4096 solutae
1097 4053 1201 4097 amens

115 4136 205 4213 plene
220 4135 417 4215 pronuntiata
435 4135 640 4215 reperiuntur.
