2896 4960
450 359 485 402 nr
503 359 635 404 vrrsrrrs
652 359 839 402 occanrtors.
1149 339 1184 400 91

99 514 291 576 transitionis
303 514 334 576 in
347 512 465 578 debiles
474 513 548 576 illos
560 521 592 576 ct
606 513 722 578 solutos
734 529 880 575 numeros
893 511 1136 591 paracataloges:
1156 521 1200 574 ut·

98 618 127 678 in
143 617 260 678 Placen.
283 618 353 678 ⁴65.

188 725 377 815 ἀνεμώκεος
392 724 468 798 εἴθε
483 728 609 818 δρόμου
623 727 765 822 νεφέλας
779 728 882 796 πυοὶυ

188 830 403 921 ίξανί-οαιμι
418 829 462 902 δι’
478 830 630 924 αἰθέρος.

186 1042 303 1127 §aba
330 1047 370 1108 Et
390 1047 471 1109 duae
495 1046 621 1128 quidem
642 1046 782 1128 syllabae
803 1047 914 1108 breves
936 1065 1034 1127 quum
1057 1064 1190 1125 praece-

96 1150 180 1212 dunt
195 1149 391 1230 dochmium,
416 1149 563 1213 videntur
577 1170 632 1212 eae
647 1150 757 1212 solutio
773 1169 841 1212 esse
857 1149 960 1212 nudae
975 1168 1095 1228 arseos,
1118 1169 1189 1210 me-

97 1265 248 1334 trumque
270 1271 338 1314 csse
360 1253 454 1333 illud,
480 1253 519 1316 de
540 1272 602 1333 quo
625 1251 743 1315 dictum
766 1252 873 1336 §halt
913 1251 1052 1336 Euripid.
1078 1253 1186 1314 Bacch.

100 1359 195 1420 llbl.
1068 1364 1071 1375 '

621 1451 724 1533 καλὸς
745 1451 850 1542 ἁγών,
874 1453 907 1522 ἐν
929 1455 984 1521 αί-

182 1580 270 1643 ματα
290 1553 792 1647 οταίζουσαν-χίρα-ποριρλαλεῖυ·
803 1556 927 1626 τέκνου.

106 1685 175 1748 Vide
191 1683 291 1746 Elem.
311 1683 342 1746 d.
363 1703 403 1746 m.
423 1704 454 1763 p.
475 1685 547 1746 28l.
567 1702 632 1766 seq.

184 1891 208 1972 5
224 1887 303 1954 270.
331 1893 405 1952 Tros
417 1891 529 1954 breves
544 1891 684 1971 syllabae
699 1890 881 1974 ambiguum
897 1901 954 1972 est,
973 1901 1079 1956 utrum
1096 1895 1189 1956 iambi

110 2014 147 2054 an
159 1995 289 2057 trochaei
306 1994 418 2056 solutio
433 1996 505 2073 sint,
520 1994 646 2074 quando
658 2003 789 2076 uterquc
801 2016 856 2078 pes
873 1998 956 2076 iungi
969 1995 1118 2060 dochmiis
1134 2016 1190 2060 so-

114 2097 160 2160 let.
190 2098 270 2162 Vtin
285 2098 397 2160 Phoen.
420 2099 513 2160 l30l.
533 2096 582 2160 ed.
603 2099 684 2161 Pors.

186 2210 316 2296 ἒλεος,-
329 2209 422 2293 ἔλεος
443 2209 543 2300 ἔμολε
556 2211 702 2303 ματέρος
716 2210 878 2292 δειλαίας.

184 2314 455 2402 δίδυμα-τέκεα,
483 2311 627 2404 πότερος
648 2309 714 2404 ίίρα
737 2314 881 2406 πότερον
901 2314 1046 2403 αἱμάξει.

103 2444 134 2504 ln
149 2443 275 2506 llecuba
291 2461 321 2504 v.
344 2445 437 2506 l093.
456 2459 513 2522 pro
528 2441 670 2505 trochaeo
687 2441 833 2506 videntur
848 2461 925 2522 esse,

181 2553 238 2644 ἴτ’,
259 2553 322 2642 ba,
343 2553 475 2643 μόλοτο,
499 2554 586 2646 πρὸς
606 2563 708 2641 θεῶν,

106 2705 199 2766 quum
216 2705 289 2748 mox
304 2692 410 2768 aperto
426 2683 587 2746 trochaeus
603 2684 652 2764 sit,
671 2703 701 2744 v.
724 2684 815 2745 t097.

183 2799 288 2884 datad,
313 2798 407 2894 datad
430 2795 663 2884 πεπόνθαμεν.

103 2929 196 2990 lambi
211 2929 280 2991 loco
296 2927 414 3009 positae
429 2933 503 2988 sunt
518 2926 550 2986 in
565 2925 660 3008 lphig.
680 2921 750 2988 hut.
773 2927 864 2988 ⁴475.
887 2927 978 2990 ibib.

186 3037 283 3133 ἄγετέ
303 3067 347 3128 με
368 3039 429 3109 τὰν
449 3036 561 3108 Ἰλίου.

183 3141 304 3216 loacas
325 3142 387 3213 adr
404 3139 516 3213 Ἰλίου.

23 3351 24 3356 ¹
105 3270 167 3333 Sed
180 3271 210 3334 hi
225 3291 338 3336 versus
353 3273 466 3335 rectius
481 3279 683 3352 segregantur
698 3290 715 3333 a
732 3269 933 3334 dochmiaois:
954 3272 1026 3336 vide
1041 3271 1059 3356 §
1076 3276 1148 3338 247.

184 3477 303 3561 5271.
337 3481 438 3542 Etiam
463 3487 609 3560 quattuor
638 3477 749 3540 breves
779 3478 917 3559 syllabae
939 3480 1119 3560 ambiguum
1141 3491 1191 3544 ost

103 3590 204 3646 utmm
220 3603 276 3667 pro
288 3582 519 3665 amphibracho,
538 3582 593 3662 qui
607 3579 762 3644 interdum
775 3579 952 3644 dochmium
963 3583 1129 3664 praecedit,
1149 3605 1189 3648 an

103 3703 157 3764 pro
171 3687 291 3768 dactylo
306 3695 472 3770 ponantur.
506 3683 725 3766 amphibrachi
741 3703 794 3746 eas
810 3685 911 3746 locum
927 3695 1032 3749 tencre
1047 3697 1191 3769 argueret

105 3785 269 3873 Aeschylus
286 3793 317 3852 in
333 3791 431 3853 Persis
447 3791 521 3852 269.
541 3789 615 3852 275.

187 3905 228 3974 τὰ
247 3905 489 3992 πολέα-βέλεα
511 3908 681 3994 παμμιγῆ,

188 4005 497 4096 ἁλίδονα-σώματα
518 4009 713 4100 πολυβαφῆ,

107 4133 161 4194 nisi
187 4136 227 4198 ihi
252 4137 404 4218 exquisita
434 4138 465 4197 in
493 4133 560 4196 cod.
587 4136 678 4198 Paris.
708 4143 844 4198 exstaret
869 4136 1022 4217 scriptura
1049 4125 1188 4214 ἆλιδνοί,

109 4254 268 4318 congruens
283 4260 354 4303 eum
371 4233 493 4317 πολλὰ,
512 4258 592 4319 quac
607 4239 757 4301 librorum
772 4240 804 4300 in
819 4239 974 4320 stropbico
990 4257 1084 4300 versu
1107 4239 1190 4303 scri-
