2896 4960
399 349 436 390 ne
450 347 653 392 iulrrrsrrcrs
668 345 816 390 nrusrms
1098 326 1156 388 123

154 499 181 580 θ
197 495 277 565 370.
302 500 422 579 Dactyli
433 501 612 582 saepissime
625 500 857 564 substituuntur
867 499 1052 580 anapaestis,
1066 499 1158 560 mium

76 604 219 665 continui.
267 605 413 684 Quinque
436 601 533 666 habet
557 601 729 684 Aeschylus
754 601 860 683 Agam.
893 603 1007 681 ⁴5th
1039 611 1158 683 septem

71 705 239 787 Euripides
261 707 294 768 in
317 707 436 787 Hippoi.
465 710 558 770 1361.
586 707 759 770 cuiusmodi
783 725 893 768 versus
919 705 1092 768 cavendum
1119 725 1159 766 ne

68 812 139 890 quis
154 811 222 872 ictu
236 812 269 872 in
283 811 383 892 prima
398 809 512 892 dactyli
526 810 645 891 syllaba
664 809 759 890 lacto,
785 829 884 890 quum
898 810 930 870 in
945 808 1083 871 secunda
1097 807 1160 872 de-

67 914 153 994 beat,
172 915 207 976 in
222 912 379 976 recitando
394 922 493 976 mutet
507 915 539 976 in
554 914 737 993 dactylicos:

156 1026 335 1121 πρόςφορά
356 1023 391 1115 μ’
416 1023 538 1113 αἴρετε,
559 1026 697 1097 σύντονα
720 1022 749 1093 d'
773 1025 883 1096 ἕλκετε

156 1131 216 1202 τὸν
238 1129 470 1218 κακοδαίμονα
492 1132 550 1202 καὶ
570 1128 765 1221 κατάρατον.

156 1359 276 1443 5371.
310 1364 368 1437 Qui
391 1360 507 1426 claudit
520 1363 654 1444 legitima
669 1369 837 1441 systemata
856 1361 1154 1442 paroemiaeus,

74 1465 197 1530 eosdem
212 1464 311 1548 pedes
325 1465 434 1546 habet,
460 1485 538 1547 qnos
553 1469 654 1529 exitus
669 1483 778 1530 versus
801 1466 931 1528 heroici:
957 1483 1027 1528 raro
1041 1473 1159 1528 utter-

78 1573 132 1635 tins
147 1570 309 1654 spondeus
325 1571 382 1633 sit:
408 1569 515 1635 Aesch.
534 1573 615 1633 Pers.
637 1571 686 1633 52.

158 1688 278 1756 ἳππων
299 1681 327 1754 τ’
352 1683 470 1777 ἐλατὴρ
493 1683 690 1775 Σοσθάνης.

77 1815 108 1876 V.
126 1811 234 1895 Agam.
255 1813 329 1876 377.
362 1813 471 1896 suppl.
493 1815 521 1878 8.
554 1813 673 1879 Primus
695 1819 798 1878 tamen
822 1829 878 1896 pes
901 1829 995 1896 saepo
1017 1811 1158 1896 dactylus

78 1925 134 1979 est.
159 1915 268 1981 Aesch.
288 1916 425 1999 Choeph.
446 1917 518 1981 377.

167 2031 262 2103 παισὶ
284 2031 323 2103 δὲ
342 2033 472 2122 μᾶλλον
492 2029 669 2124 γεγένηται.

163 2257 185 2344 9
198 2260 242 2328 37
244 2260 276 2328 2.
307 2263 406 2328 Versu
419 2265 611 2344 paroemiaco
625 2263 809 2326 sententiam
826 2263 906 2324 finiri
920 2279 977 2342 par
992 2269 1048 2341 est,
1067 2263 1157 2323 etiam

77 2371 101 2430 si
123 2367 208 2432 aliud
231 2367 345 2431 deinde
367 2378 502 2449 systema
522 2367 751 2449 anapaesticum
773 2367 922 2446 seqnitur.
961 2366 1023 2430 Sed
1045 2365 1160 2429 sufficit

76 2475 166 2536 etiam
181 2473 283 2534 minor
297 2473 502 2554 interpunctio
517 2469 682 2551 interdum,
702 2479 738 2534 ut
751 2471 783 2532 in
799 2467 904 2552 Agam.
926 2472 975 2532 65.

161 2587 416 2674 διακναιομένης
437 2584 465 2655 τ’
488 2583 522 2654 ἐν
544 2585 754 2675 προτελείοις

203 2688 353 2776 κάμακος
373 2688 490 2782 θήσων
511 2693 708 2774 Δαναοῖσιν,

162 2793 278 2885 Τρωσί
299 2791 336 2862 θ’
359 2791 496 2882 ὁμοίως.

78 2922 117 2985 De
132 2940 195 3005 quo
211 2922 277 2984 loco
293 2942 323 2984 v.
342 2921 439 2984 Elem.
458 2920 489 2986 d.
509 2941 550 2984 m.
569 2942 600 3004 p.
622 2921 692 2984 379.

160 3143 277 3228 9373.
310 3143 537 3226 Antistrophica
558 3146 613 3209 nbi
636 3155 709 3209 sunt
723 3148 799 3208 haec
820 3153 1002 3228 systemata,
1028 3162 1089 3206 non
1104 3163 1159 3223 pes

76 3250 147 3332 pedi
162 3250 341 3332 respondet,
367 3250 423 3313 sed
437 3249 545 3312 divisio
561 3259 663 3312 tamm
679 3259 847 3312 metrorum
863 3251 941 3312 solet
955 3248 1062 3311 similis
1077 3266 1155 3310 esse.

76 3356 108 3416 V.
128 3353 146 3438 §
163 3355 236 3416 367.
270 3354 454 3416 Brevissima
479 3362 646 3432 systemata
668 3353 814 3416 videntur
835 3371 875 3416 ex
898 3371 960 3414 uno
980 3350 1110 3412 dimetro
1130 3358 1161 3412 et

79 3459 267 3538 paroemiam
282 3466 430 3520 constare.
458 3458 555 3519 sicin
569 3454 676 3537 Agam
697 3459 768 3518 363.

160 3564 189 3640 α’
212 3579 282 3642 Ζεῦ
302 3574 442 3660 βασιλεῦ
462 3571 522 3640 καὶ
543 3570 603 3654 νύξ
624 3569 723 3663 φιλία

204 3673 357 3766 μεγάλων
378 3674 511 3762 κόσμων
532 3672 715 3763 κτεάτειρα.

77 3804 116 3868 Et
129 3805 256 3884 saepius
271 3801 355 3886 apud
370 3799 567 3884 Aeschylum.

161 4026 278 4110 5374.
316 4027 544 4110 Systemata
566 4045 643 4089 non
669 4027 853 4107 legitima
879 4025 920 4086 ab
943 4024 1083 4104 legitimis
1105 4042 1162 4104 per

78 4133 191 4213 gradus
204 4131 379 4212 discedunt,
394 4141 429 4194 nt
443 4129 599 4193 interdum
615 4131 663 4192 his
678 4129 841 4208 simillima,
857 4127 931 4190 alibi
945 4128 1049 4190 autem
1064 4126 1161 4190 dissi-

81 4238 205 4300 millima
220 4236 395 4300 videantur.
429 4235 580 4298 Diffcrunt
602 4253 805 4316 mensura,
833 4229 917 4318 quod
930 4230 1162 4317 proceleusma-

516 4333 530 4364 0
