2896 4960
415 351 452 394 ur
467 349 669 392 latrinarum
684 348 831 392 arueram.
1109 328 1164 390 121

94 503 126 562 Et
144 505 178 564 in
200 501 324 584 dactylo
344 505 501 582 anapaesti
524 502 624 564 loeum
647 509 788 581 tanente,
822 521 852 564 v.
874 502 923 562 ot.
943 512 974 563 et
995 519 1044 580 ap.
1064 499 1170 579 liurip.

94 609 156 669 lieo.
180 608 255 668 ⁴25.

172 716 305 806 οἴχεται
327 717 464 811 ἀνδρῶν.

171 823 220 892 ταί
246 822 395 917 Θησείδα
418 821 447 892 δ’
471 819 536 912 δ’ζω
560 821 719 916 Ἀθηνῶν.

86 953 120 1013 V.
139 951 237 1015 Seidl.
257 951 297 1015 de
313 971 410 1016 verss.
430 951 550 1014 doohm.
569 970 601 1031 p.
621 956 672 1014 96.

101 1219 103 1224 ,
171 1157 291 1240 §aas
326 1162 491 1222 Gaesuram
505 1159 716 1240 paroemiaous
731 1159 858 1238 nullam,
877 1157 933 1220 sed
948 1158 1103 1222 acataleoti
1119 1157 1174 1219 di-

87 1265 176 1327 metri
193 1265 360 1345 legitimam
376 1264 491 1326 habent
505 1264 537 1325 in
552 1261 689 1326 secunda
705 1265 781 1324 arsi:

177 1377 371 1466 Τελαμώνιε
394 1384 470 1463 παῖ,
493 1383 553 1470 τῆς
574 1374 773 1469 δμφιρίσοο.

92 1509 188 1588 Saepe
204 1515 451 1594 tamenpaesura
468 1507 502 1568 fit
515 1507 548 1567 in
563 1505 650 1567 brevi
666 1505 803 1586 syllaba,
830 1523 909 1587 quae
925 1505 1005 1568 liano
1019 1505 1102 1566 arsin
1117 1523 1172 1567 se-

95 1612 203 1689 quitur.
232 1609 342 1672 Aesoh.
362 1609 418 1692 Ag.
438 1611 489 1672 52.

173 1722 348 1814 πτερύγων
370 1725 557 1816 ἐρετμοῖσιν
579 1722 784 1815 δρεσσομίνη.

92 1853 239 1933 Exempla
255 1851 376 1933 collegit
392 1849 543 1914 Gaisford.
562 1849 602 1912 ad
623 1851 720 1930 lleph.
739 1871 770 1931 p.
791 1849 864 1911 279.
898 1852 1032 1931 Vtraque
1047 1869 1173 1912 caesura

97 1973 154 2016 non
172 1957 264 2037 plane
288 1957 426 2037 neglecta
448 1963 592 2036 putatur,
619 1955 645 2015 si
668 1955 702 2016 fit
716 1955 746 2014 in
766 1957 966 2018 commissura
980 1953 1068 2016 verbi
1083 1975 1173 2016 eorn-

102 2060 193 2137 positi.
215 2057 324 2122 Aesoh.
343 2057 441 2122 Proui.
463 2062 534 2122 ltu.
561 2058 714 2137 Aristoph.
734 2059 856 2121 Thesm.
879 2062 927 2121 ill.

177 2173 230 2242 καί
252 2170 287 2260 μ’
312 2167 389 2242 oliae
410 2171 681 2263 μελε-γλώσσαις
702 2172 865 2254 scariotes

173 2277 291 2364 μέλλει
311 2276 374 2367 γὰρ
398 2275 416 2344 δ
439 2276 652 2378 καλλι-,σανὶς
673 2274 835 2365 Ἀγάθων.

92 2405 151 2466 Sed
166 2405 243 2467 haee
259 2423 326 2466 rara
343 2414 425 2467 sunt.
458 2402 551 2486 Apud
567 2405 697 2466 oomioos
713 2412 816 2466 tamen
831 2403 1001 2484 interdum,
1025 2404 1079 2467 sed
1095 2423 1172 2484 per-

91 2528 166 2588 raro,
186 2510 299 2590 negligi
314 2507 438 2570 videtur
453 2527 595 2569 caesura:
622 2505 774 2589 Aristoph.
794 2508 859 2570 Pae.
882 2511 973 2570 l002.

174 2624 329 2692 δούλοισι
349 2618 583 2708 χλανισκιδίων
604 2629 740 2711 μικρῶν.

91 2750 178 2844 Quod
192 2752 226 2811 in
241 2750 361 2812 Avibus
377 2770 406 2812 v.
428 2751 499 2811 523.
520 2749 646 2830 legitur:

172 2872 234 2933 νῦν
256 2861 286 2932 δ’
309 2859 506 2953 δνδρσίνιοδ,
529 2860 696 2954 ἠλιθίους,
718 2868 853 2948 Μανᾶς,

89 3011 199 3055 censor
220 2994 325 3054 neseio
351 2992 421 3070 quis
443 2991 476 3051 in
499 2990 619 3054 diurnis
645 2990 798 3054 litterariis
820 2991 1000 3053 lenensibus
1026 3011 1053 3054 a.
1076 2995 1167 3055 ⁴823.

89 3117 119 3158 n.
140 3099 193 3158 30.
214 3097 319 3157 eiectis
342 3114 421 3175 quae
443 3096 623 3175 interpretes
644 3094 892 3178 adscripserunt,
922 3105 1004 3157 reate
1026 3095 1173 3158 iudicavit

89 3203 133 3262 sie
147 3198 381 3292 emendandum
397 3217 475 3280 esse,
499 3200 674 3280 postulante
692 3200 783 3262 etiam
799 3219 893 3262 versu
907 3199 1092 3279 antithetieo‚
1119 3201 1173 3282 qui

89 3314 136 3368 est
152 3307 188 3367 fil
199 3304 227 3364 l.

107 3496 110 3502 ⁴
174 3425 233 3486 νῦν
256 3413 285 3485 δ’
311 3408 353 3486 αὖ
376 3421 508 3497 Μανᾶς.

88 3547 240 3608 Vitiosum
256 3553 304 3607 est
318 3545 410 3606 etiam
425 3543 508 3624 quod
523 3541 638 3607 ibidem
653 3545 810 3606 invenitur
823 3565 853 3606 v.
875 3546 946 3606 536.

175 3653 321 3729 κδίιεισα
342 3656 589 3727 κατεσκέδασαν
609 3657 747 3747 θερμόν.

92 3786 299 3868 Corrigendus
314 3787 384 3848 finis
399 3786 573 3867 systematis
588 3786 645 3847 hoo
659 3785 766 3848 modo:

176 3895 248 3994 κᾷτ’
272 3901 454 3970 ἐσκέδασαν
476 3901 604 3990 θερμὸν
626 3905 762 3994 ψυχρῶν

177 4011 278 4074 τοῦτο
300 3999 380 4073 καθ’
403 4002 500 4094 ὑμῶν

222 4105 331 4190 αίίτως
352 4106 460 4196 ιὶίςνιερ
484 4105 685 4195 κενεβρείων.
