<?xml version="1.0" encoding="UTF-8"?>
<!DOCTYPE html PUBLIC "-//W3C//DTD XHTML 1.0 Transitional//EN"
    "http://www.w3.org/TR/xhtml1/DTD/xhtml1-transitional.dtd">
<html xmlns="http://www.w3.org/1999/xhtml" xml:lang="en" lang="en">
 <head>
  <title>
</title>
<meta http-equiv="Content-Type" content="text/html;charset=utf-8" />
  <meta name='ocr-system' content='tesseract 3.04.00' />
  <meta name='ocr-capabilities' content='ocr_page ocr_carea ocr_par ocr_line ocrx_word'/>
</head>
<body>
  <div class='ocr_page' id='page_1' title='image "./doctrinaemetric00hermgoog/doctrinaemetric00hermgoog_0253.png"; bbox 0 0 2922 4948; ppageno 0'>
   <div class='ocr_carea' id='block_1_1' title="bbox 197 319 903 384">
    <p class='ocr_par' dir='ltr' id='par_1_1' title="bbox 197 319 903 384">
     <span class='ocr_line' id='line_1_1' title="bbox 197 319 903 384; baseline -0.006 -2"><span class='ocrx_word' id='word_1_1' title='bbox 197 319 260 384; x_wconf 79' lang='lat'><strong>230</strong></span> <span class='ocrx_word' id='word_1_2' title='bbox 586 336 642 378; x_wconf 81' lang='grc' dir='ltr'>ιιι.</span> <span class='ocrx_word' id='word_1_3' title='bbox 665 335 707 380; x_wconf 89' lang='grc' dir='ltr'>ιιι.</span> <span class='ocrx_word' id='word_1_4' title='bbox 735 335 802 383; x_wconf 78' lang='grc' dir='ltr'>ιιι.</span> <span class='ocrx_word' id='word_1_5' title='bbox 821 334 903 378; x_wconf 79' lang='lat' dir='ltr'><strong>mu.</strong></span> 
     </span>
    </p>
   </div>
   <div class='ocr_carea' id='block_1_2' title="bbox 197 487 1290 1822">
    <p class='ocr_par' dir='ltr' id='par_1_2' title="bbox 197 487 1290 1822">
     <span class='ocr_line' id='line_1_2' title="bbox 199 487 1290 574; baseline -0.002 -21"><span class='ocrx_word' id='word_1_6' title='bbox 199 494 231 556; x_wconf 89' lang='lat' dir='ltr'><strong>in</strong></span> <span class='ocrx_word' id='word_1_7' title='bbox 246 491 397 574; x_wconf 78' lang='lat' dir='ltr'><strong>exemplis</strong></span> <span class='ocrx_word' id='word_1_8' title='bbox 410 493 561 558; x_wconf 71' lang='lat' dir='ltr'><strong>oo-oo</strong></span> <span class='ocrx_word' id='word_1_9' title='bbox 577 487 663 570; x_wconf 85' lang='lat' dir='ltr'><strong>quod</strong></span> <span class='ocrx_word' id='word_1_10' title='bbox 677 507 777 570; x_wconf 78' lang='lat' dir='ltr'><strong>genus</strong></span> <span class='ocrx_word' id='word_1_11' title='bbox 788 487 975 560; x_wconf 79' lang='lat' dir='ltr'><strong>divisionum</strong></span> <span class='ocrx_word' id='word_1_12' title='bbox 990 489 1161 571; x_wconf 77' lang='lat' dir='ltr'><strong>pessimum</strong></span> <span class='ocrx_word' id='word_1_13' title='bbox 1176 499 1233 570; x_wconf 79' lang='lat' dir='ltr'><strong>est,</strong></span> <span class='ocrx_word' id='word_1_14' title='bbox 1252 499 1290 552; x_wconf 87' lang='lat' dir='ltr'><strong>ut</strong></span> 
     </span>
     <span class='ocr_line' id='line_1_3' title="bbox 197 593 654 676; baseline -0.011 -16"><span class='ocrx_word' id='word_1_15' title='bbox 197 597 271 664; x_wconf 82' lang='lat' dir='ltr'><strong>olim</strong></span> <span class='ocrx_word' id='word_1_16' title='bbox 286 597 318 664; x_wconf 83' lang='lat' dir='ltr'><strong>iu</strong></span> <span class='ocrx_word' id='word_1_17' title='bbox 333 593 419 662; x_wconf 83' lang='lat' dir='ltr'><strong>Pind.</strong></span> <span class='ocrx_word' id='word_1_18' title='bbox 438 594 524 676; x_wconf 74' lang='lat' dir='ltr'><strong>Pub.</strong></span> <span class='ocrx_word' id='word_1_19' title='bbox 544 597 581 662; x_wconf 78' lang='lat' dir='ltr'><strong>X.</strong></span> <span class='ocrx_word' id='word_1_20' title='bbox 604 596 654 656; x_wconf 78' lang='lat' dir='ltr'><strong>to.</strong></span> 
     </span>
     <span class='ocr_line' id='line_1_4' title="bbox 282 705 684 798; baseline -0.002 -19"><span class='ocrx_word' id='word_1_21' title='bbox 282 710 379 792; x_wconf 80' lang='grc' dir='ltr'><strong><em>τέλος</em></strong></span> <span class='ocrx_word' id='word_1_22' title='bbox 399 705 482 798; x_wconf 74' lang='grc' dir='ltr'><strong><em>ἀρχαί</em></strong></span> <span class='ocrx_word' id='word_1_23' title='bbox 504 735 541 778; x_wconf 86' lang='grc' dir='ltr'><strong>τι</strong></span> <span class='ocrx_word' id='word_1_24' title='bbox 562 706 684 795; x_wconf 80' lang='grc' dir='ltr'><strong><em>δαίμο-</em></strong></span> 
     </span>
     <span class='ocr_line' id='line_1_5' title="bbox 283 807 693 905; baseline 0.002 -22"><span class='ocrx_word' id='word_1_25' title='bbox 283 839 339 898; x_wconf 87' lang='grc' dir='ltr'><strong>νος</strong></span> <span class='ocrx_word' id='word_1_26' title='bbox 359 810 524 905; x_wconf 75' lang='grc' dir='ltr'><strong><em>ὀρνύντος,</em></strong></span> <span class='ocrx_word' id='word_1_27' title='bbox 546 807 693 896; x_wconf 79' lang='grc' dir='ltr'><strong><em>αίίξοται.</em></strong></span> 
     </span>
     <span class='ocr_line' id='line_1_6' title="bbox 198 957 1282 1042; baseline 0 -19"><span class='ocrx_word' id='word_1_28' title='bbox 198 969 229 1024; x_wconf 84' lang='lat' dir='ltr'><strong>ot</strong></span> <span class='ocrx_word' id='word_1_29' title='bbox 243 961 331 1042; x_wconf 81' lang='lat' dir='ltr'><strong>peius</strong></span> <span class='ocrx_word' id='word_1_30' title='bbox 346 962 456 1040; x_wconf 83' lang='lat' dir='ltr'><strong>etiam,</strong></span> <span class='ocrx_word' id='word_1_31' title='bbox 477 957 580 1040; x_wconf 81' lang='lat' dir='ltr'><strong>qualis</strong></span> <span class='ocrx_word' id='word_1_32' title='bbox 595 957 841 1022; x_wconf 73' lang='lat' dir='ltr'><strong>constituebatur</strong></span> <span class='ocrx_word' id='word_1_33' title='bbox 864 961 895 1021; x_wconf 89' lang='lat' dir='ltr'><strong>in</strong></span> <span class='ocrx_word' id='word_1_34' title='bbox 912 960 1071 1040; x_wconf 87' lang='lat' dir='ltr'><strong>Sophoclis</strong></span> <span class='ocrx_word' id='word_1_35' title='bbox 1087 957 1188 1041; x_wconf 82' lang='lat' dir='ltr'><strong>Antig.</strong></span> <span class='ocrx_word' id='word_1_36' title='bbox 1212 961 1282 1023; x_wconf 64' lang='grc'><strong>159.</strong></span> 
     </span>
     <span class='ocr_line' id='line_1_7' title="bbox 283 1073 837 1164; baseline -0.007 -18"><span class='ocrx_word' id='word_1_37' title='bbox 283 1081 374 1146; x_wconf 73' lang='grc' dir='ltr'><strong><em>θεῶν</em></strong></span> <span class='ocrx_word' id='word_1_38' title='bbox 396 1073 434 1146; x_wconf 73' lang='grc' dir='ltr'><strong>δὲ</strong></span> <span class='ocrx_word' id='word_1_39' title='bbox 454 1073 555 1155; x_wconf 79' lang='grc' dir='ltr'><strong><em>ναοίς</em></strong></span> <span class='ocrx_word' id='word_1_40' title='bbox 572 1078 689 1164; x_wconf 80' lang='grc' dir='ltr'><strong><em>χοροῖς</em></strong></span> <span class='ocrx_word' id='word_1_41' title='bbox 709 1073 837 1142; x_wconf 77' lang='grc' dir='ltr'><strong><em>παννί-</em></strong></span> 
     </span>
     <span class='ocr_line' id='line_1_8' title="bbox 282 1175 732 1265; baseline -0.002 -17"><span class='ocrx_word' id='word_1_42' title='bbox 282 1205 355 1265; x_wconf 82' lang='grc' dir='ltr'><strong>χοις</strong></span> <span class='ocrx_word' id='word_1_43' title='bbox 375 1177 504 1258; x_wconf 78' lang='grc' dir='ltr'><strong><em>πάντας</em></strong></span> <span class='ocrx_word' id='word_1_44' title='bbox 525 1175 732 1265; x_wconf 70' lang='grc' dir='ltr'><strong><em>ἐπέλθωμεν.</em></strong></span> 
     </span>
     <span class='ocr_line' id='line_1_9' title="bbox 198 1304 1288 1387; baseline -0.002 -16"><span class='ocrx_word' id='word_1_45' title='bbox 198 1308 261 1371; x_wconf 87' lang='lat' dir='ltr'><strong>Sed</strong></span> <span class='ocrx_word' id='word_1_46' title='bbox 276 1307 373 1371; x_wconf 78' lang='lat' dir='ltr'><strong>fertur</strong></span> <span class='ocrx_word' id='word_1_47' title='bbox 387 1308 463 1368; x_wconf 80' lang='lat' dir='ltr'><strong>haoo</strong></span> <span class='ocrx_word' id='word_1_48' title='bbox 474 1304 594 1386; x_wconf 87' lang='lat' dir='ltr'><strong>divisio,</strong></span> <span class='ocrx_word' id='word_1_49' title='bbox 614 1306 668 1368; x_wconf 89' lang='lat' dir='ltr'><strong>ubi</strong></span> <span class='ocrx_word' id='word_1_50' title='bbox 681 1305 802 1387; x_wconf 80' lang='lat' dir='ltr'><strong>longam</strong></span> <span class='ocrx_word' id='word_1_51' title='bbox 818 1306 919 1369; x_wconf 84' lang='lat' dir='ltr'><strong>thesin</strong></span> <span class='ocrx_word' id='word_1_52' title='bbox 935 1307 1040 1368; x_wconf 78' lang='lat' dir='ltr'><strong>brevis</strong></span> <span class='ocrx_word' id='word_1_53' title='bbox 1055 1309 1215 1370; x_wconf 81' lang='lat' dir='ltr'><strong>anaorusis</strong></span> <span class='ocrx_word' id='word_1_54' title='bbox 1226 1329 1288 1370; x_wconf 79' lang='lat' dir='ltr'><strong>ex-</strong></span> 
     </span>
     <span class='ocr_line' id='line_1_10' title="bbox 201 1409 1287 1494; baseline 0 -20"><span class='ocrx_word' id='word_1_55' title='bbox 201 1415 284 1494; x_wconf 82' lang='lat' dir='ltr'><strong>cipit,</strong></span> <span class='ocrx_word' id='word_1_56' title='bbox 303 1431 383 1494; x_wconf 81' lang='lat' dir='ltr'><strong>quae</strong></span> <span class='ocrx_word' id='word_1_57' title='bbox 398 1412 475 1473; x_wconf 81' lang='lat' dir='ltr'><strong>ratio</strong></span> <span class='ocrx_word' id='word_1_58' title='bbox 486 1429 581 1492; x_wconf 86' lang='lat' dir='ltr'><strong>propo</strong></span> <span class='ocrx_word' id='word_1_59' title='bbox 597 1409 716 1474; x_wconf 77' lang='lat' dir='ltr'><strong>accedit</strong></span> <span class='ocrx_word' id='word_1_60' title='bbox 730 1409 771 1473; x_wconf 82' lang='lat' dir='ltr'><strong>ad</strong></span> <span class='ocrx_word' id='word_1_61' title='bbox 786 1412 930 1473; x_wconf 76' lang='lat' dir='ltr'><strong>usitatam</strong></span> <span class='ocrx_word' id='word_1_62' title='bbox 943 1411 1085 1474; x_wconf 84' lang='lat' dir='ltr'>vocabuli</span> <span class='ocrx_word' id='word_1_63' title='bbox 1100 1413 1287 1494; x_wconf 83' lang='lat' dir='ltr'><strong>pronuntia-</strong></span> 
     </span>
     <span class='ocr_line' id='line_1_11' title="bbox 199 1512 1165 1600; baseline -0.003 -21"><span class='ocrx_word' id='word_1_64' title='bbox 199 1520 323 1596; x_wconf 86' lang='lat' dir='ltr'><strong>tionem,</strong></span> <span class='ocrx_word' id='word_1_65' title='bbox 343 1517 424 1584; x_wconf 76' lang='lat' dir='ltr'><strong>utin</strong></span> <span class='ocrx_word' id='word_1_66' title='bbox 439 1515 581 1600; x_wconf 83' lang='lat' dir='ltr'><strong>exemplo</strong></span> <span class='ocrx_word' id='word_1_67' title='bbox 596 1517 647 1578; x_wconf 68' lang='lat'><strong>24.</strong></span> <span class='ocrx_word' id='word_1_68' title='bbox 682 1515 732 1588; x_wconf 81' lang='lat' dir='ltr'><strong>Sic</strong></span> <span class='ocrx_word' id='word_1_69' title='bbox 747 1512 897 1582; x_wconf 83' lang='lat' dir='ltr'>Pindarus</span> <span class='ocrx_word' id='word_1_70' title='bbox 912 1515 998 1596; x_wconf 80' lang='lat' dir='ltr'><strong>Pyth.</strong></span> <span class='ocrx_word' id='word_1_71' title='bbox 1020 1516 1092 1582; x_wconf 89' lang='lat' dir='ltr'>Vlll.</span> <span class='ocrx_word' id='word_1_72' title='bbox 1113 1518 1165 1582; x_wconf 71' lang='grc'><strong>20.</strong></span> 
     </span>
     <span class='ocr_line' id='line_1_12' title="bbox 286 1609 753 1722; baseline 0.002 -22"><span class='ocrx_word' id='word_1_73' title='bbox 286 1609 410 1722; x_wconf 65' lang='grc' dir='ltr'><strong><em>Τυφὼς</em></strong></span> <span class='ocrx_word' id='word_1_74' title='bbox 430 1627 533 1713; x_wconf 77' lang='grc' dir='ltr'><strong><em>Κίλιξ</em></strong></span> <span class='ocrx_word' id='word_1_75' title='bbox 552 1626 753 1719; x_wconf 70' lang='grc' dir='ltr'><strong><em>ἑκατόγκρα-</em></strong></span> 
     </span>
     <span class='ocr_line' id='line_1_13' title="bbox 284 1727 635 1822; baseline -0.017 -16"><span class='ocrx_word' id='word_1_76' title='bbox 284 1761 340 1817; x_wconf 89' lang='grc' dir='ltr'><strong>νος</strong></span> <span class='ocrx_word' id='word_1_77' title='bbox 360 1728 402 1810; x_wconf 78' lang='grc' dir='ltr'><strong>οίί</strong></span> <span class='ocrx_word' id='word_1_78' title='bbox 420 1761 482 1822; x_wconf 87' lang='grc' dir='ltr'><strong>μιν</strong></span> <span class='ocrx_word' id='word_1_79' title='bbox 506 1727 635 1818; x_wconf 76' lang='grc' dir='ltr'><strong><em>ίίλυξον.</em></strong></span> 
     </span>
    </p>
   </div>
   <div class='ocr_carea' id='block_1_3' title="bbox 197 1945 1286 2239">
    <p class='ocr_par' dir='ltr' id='par_1_3' title="bbox 197 1945 1286 2239">
     <span class='ocr_line' id='line_1_14' title="bbox 282 1945 1286 2032; baseline -0.002 -18"><span class='ocrx_word' id='word_1_80' title='bbox 282 1945 399 2030; x_wconf 65' lang='lat'>5624.</span> <span class='ocrx_word' id='word_1_81' title='bbox 435 1950 555 2012; x_wconf 84' lang='lat' dir='ltr'><strong>Tertius</strong></span> <span class='ocrx_word' id='word_1_82' title='bbox 578 1947 688 2013; x_wconf 90' lang='lat' dir='ltr'><strong>modus</strong></span> <span class='ocrx_word' id='word_1_83' title='bbox 709 1957 771 2032; x_wconf 82' lang='lat' dir='ltr'><strong>ost,</strong></span> <span class='ocrx_word' id='word_1_84' title='bbox 796 1967 894 2030; x_wconf 91' lang='lat' dir='ltr'><strong>quum</strong></span> <span class='ocrx_word' id='word_1_85' title='bbox 918 1950 1001 2032; x_wconf 75' lang='lat' dir='ltr'><strong>prior</strong></span> <span class='ocrx_word' id='word_1_86' title='bbox 1023 1953 1105 2014; x_wconf 86' lang='lat' dir='ltr'><strong>vocis</strong></span> <span class='ocrx_word' id='word_1_87' title='bbox 1127 1970 1200 2032; x_wconf 82' lang='lat' dir='ltr'>pars</span> <span class='ocrx_word' id='word_1_88' title='bbox 1227 1954 1286 2012; x_wconf 82' lang='lat' dir='ltr'>arsi</span> 
     </span>
     <span class='ocr_line' id='line_1_15' title="bbox 197 2052 1285 2140; baseline 0.001 -24"><span class='ocrx_word' id='word_1_89' title='bbox 197 2063 290 2133; x_wconf 83' lang='lat' dir='ltr'><strong>caret,</strong></span> <span class='ocrx_word' id='word_1_90' title='bbox 309 2072 371 2116; x_wconf 88' lang='lat' dir='ltr'><strong>non</strong></span> <span class='ocrx_word' id='word_1_91' title='bbox 387 2062 490 2116; x_wconf 78' lang='lat' dir='ltr'><strong>autom</strong></span> <span class='ocrx_word' id='word_1_92' title='bbox 506 2052 654 2133; x_wconf 79' lang='lat' dir='ltr'><strong>secunda,</strong></span> <span class='ocrx_word' id='word_1_93' title='bbox 672 2055 753 2116; x_wconf 90' lang='lat' dir='ltr'><strong>utin</strong></span> <span class='ocrx_word' id='word_1_94' title='bbox 769 2054 919 2135; x_wconf 78' lang='lat' dir='ltr'><strong>exemplis</strong></span> <span class='ocrx_word' id='word_1_95' title='bbox 936 2055 1027 2116; x_wconf 79' lang='lat' dir='ltr'><strong>o.-t</strong></span> <span class='ocrx_word' id='word_1_96' title='bbox 1037 2057 1065 2116; x_wconf 75' lang='lat' dir='ltr'><strong>t.</strong></span> <span class='ocrx_word' id='word_1_97' title='bbox 1096 2057 1178 2118; x_wconf 82' lang='lat' dir='ltr'><strong>Haeo</strong></span> <span class='ocrx_word' id='word_1_98' title='bbox 1192 2075 1285 2140; x_wconf 81' lang='lat' dir='ltr'>prava</span> 
     </span>
     <span class='ocr_line' id='line_1_16' title="bbox 198 2155 862 2239; baseline -0.003 -19"><span class='ocrx_word' id='word_1_99' title='bbox 198 2158 307 2220; x_wconf 88' lang='lat' dir='ltr'><strong>divisio</strong></span> <span class='ocrx_word' id='word_1_100' title='bbox 322 2167 387 2239; x_wconf 84' lang='lat' dir='ltr'><strong>est,</strong></span> <span class='ocrx_word' id='word_1_101' title='bbox 405 2167 441 2221; x_wconf 95' lang='lat' dir='ltr'><strong>ut</strong></span> <span class='ocrx_word' id='word_1_102' title='bbox 457 2159 527 2220; x_wconf 88' lang='lat' dir='ltr'><strong>olim</strong></span> <span class='ocrx_word' id='word_1_103' title='bbox 543 2157 629 2221; x_wconf 86' lang='lat' dir='ltr'>Pind.</span> <span class='ocrx_word' id='word_1_104' title='bbox 649 2155 736 2239; x_wconf 80' lang='lat' dir='ltr'><strong>Pyth.</strong></span> <span class='ocrx_word' id='word_1_105' title='bbox 756 2159 791 2220; x_wconf 84' lang='lat' dir='ltr'><strong>ll.</strong></span> <span class='ocrx_word' id='word_1_106' title='bbox 813 2161 862 2219; x_wconf 70' lang='lat'><strong>84.</strong></span> 
     </span>
    </p>
   </div>
   <div class='ocr_carea' id='block_1_4' title="bbox 282 2269 990 2471">
    <p class='ocr_par' dir='ltr' id='par_1_4' title="bbox 282 2269 990 2471">
     <span class='ocr_line' id='line_1_17' title="bbox 283 2269 565 2364; baseline -0.007 -20"><span class='ocrx_word' id='word_1_107' title='bbox 283 2269 425 2364; x_wconf 73' lang='grc' dir='ltr'><strong><em>ἐμίγνυτ’</em></strong></span> <span class='ocrx_word' id='word_1_108' title='bbox 442 2273 476 2344; x_wconf 73' lang='grc' dir='ltr'><strong>ἐν</strong></span> <span class='ocrx_word' id='word_1_109' title='bbox 491 2280 565 2343; x_wconf 86' lang='grc' dir='ltr'><strong>Πα-</strong></span> 
     </span>
     <span class='ocr_line' id='line_1_18' title="bbox 282 2372 990 2471; baseline 0.003 -25"><span class='ocrx_word' id='word_1_110' title='bbox 282 2377 357 2448; x_wconf 78' lang='grc' dir='ltr'><strong><em>λίου</em></strong></span> <span class='ocrx_word' id='word_1_111' title='bbox 380 2381 533 2471; x_wconf 82' lang='grc' dir='ltr'><strong><em>σφυροῖς,</em></strong></span> <span class='ocrx_word' id='word_1_112' title='bbox 557 2376 594 2447; x_wconf 75' lang='grc' dir='ltr'><strong>ἐκ</strong></span> <span class='ocrx_word' id='word_1_113' title='bbox 616 2372 647 2446; x_wconf 78' lang='grc' dir='ltr'><strong>δ’</strong></span> <span class='ocrx_word' id='word_1_114' title='bbox 670 2377 818 2468; x_wconf 74' lang='grc' dir='ltr'><strong><em>ἐγίνοντο</em></strong></span> <span class='ocrx_word' id='word_1_115' title='bbox 841 2378 990 2470; x_wconf 88' lang='grc' dir='ltr'><strong><em>στρατός.</em></strong></span> 
     </span>
    </p>
   </div>
   <div class='ocr_carea' id='block_1_5' title="bbox 282 2523 1234 2606">
    <p class='ocr_par' dir='ltr' id='par_1_5' title="bbox 282 2523 1234 2606">
     <span class='ocr_line' id='line_1_19' title="bbox 282 2523 1234 2606; baseline 0.004 -21"><span class='ocrx_word' id='word_1_116' title='bbox 282 2523 323 2587; x_wconf 88' lang='lat' dir='ltr'><strong>Et</strong></span> <span class='ocrx_word' id='word_1_117' title='bbox 336 2526 423 2606; x_wconf 85' lang='lat' dir='ltr'><strong>peior</strong></span> <span class='ocrx_word' id='word_1_118' title='bbox 437 2525 540 2604; x_wconf 82' lang='lat' dir='ltr'><strong>otiam,</strong></span> <span class='ocrx_word' id='word_1_119' title='bbox 559 2523 586 2585; x_wconf 83' lang='lat' dir='ltr'><strong>si</strong></span> <span class='ocrx_word' id='word_1_120' title='bbox 601 2523 690 2606; x_wconf 81' lang='lat' dir='ltr'><strong>longa</strong></span> <span class='ocrx_word' id='word_1_121' title='bbox 707 2531 755 2584; x_wconf 84' lang='lat' dir='ltr'><strong>est</strong></span> <span class='ocrx_word' id='word_1_122' title='bbox 768 2524 937 2606; x_wconf 81' lang='lat' dir='ltr'><strong>anaomsis,</strong></span> <span class='ocrx_word' id='word_1_123' title='bbox 958 2534 993 2587; x_wconf 94' lang='lat' dir='ltr'><strong>ut</strong></span> <span class='ocrx_word' id='word_1_124' title='bbox 1007 2525 1094 2589; x_wconf 86' lang='lat' dir='ltr'><strong>Nem.</strong></span> <span class='ocrx_word' id='word_1_125' title='bbox 1113 2529 1162 2591; x_wconf 89' lang='lat' dir='ltr'><strong>IV.</strong></span> <span class='ocrx_word' id='word_1_126' title='bbox 1185 2529 1234 2592; x_wconf 72' lang='lat'><strong>82.</strong></span> 
     </span>
    </p>
   </div>
   <div class='ocr_carea' id='block_1_6' title="bbox 283 2633 635 2836">
    <p class='ocr_par' dir='ltr' id='par_1_6' title="bbox 283 2633 635 2836">
     <span class='ocr_line' id='line_1_20' title="bbox 283 2633 635 2726; baseline -0.014 -16"><span class='ocrx_word' id='word_1_127' title='bbox 283 2637 523 2726; x_wconf 75' lang='grc' dir='ltr'><strong><em>Νεοπτόλεμος</em></strong></span> <span class='ocrx_word' id='word_1_128' title='bbox 542 2634 572 2706; x_wconf 76' lang='grc' dir='ltr'><strong>δ’</strong></span> <span class='ocrx_word' id='word_1_129' title='bbox 596 2633 635 2705; x_wconf 82' lang='grc' dir='ltr'><strong>ἀ-</strong></span> 
     </span>
     <span class='ocr_line' id='line_1_21' title="bbox 284 2740 612 2836; baseline -0.009 -22"><span class='ocrx_word' id='word_1_130' title='bbox 284 2743 392 2836; x_wconf 79' lang='grc' dir='ltr'><strong><em>πείρῳ</em></strong></span> <span class='ocrx_word' id='word_1_131' title='bbox 415 2740 612 2835; x_wconf 76' lang='grc' dir='ltr'><strong>διαπρυσίᾳ.</strong></span> 
     </span>
    </p>
   </div>
   <div class='ocr_carea' id='block_1_7' title="bbox 196 2972 1284 3354">
    <p class='ocr_par' dir='ltr' id='par_1_7' title="bbox 196 2972 1284 3354">
     <span class='ocr_line' id='line_1_22' title="bbox 283 2972 1284 3062; baseline 0.005 -22"><span class='ocrx_word' id='word_1_132' title='bbox 283 2972 398 3059; x_wconf 66' lang='lat'><strong>5625.</strong></span> <span class='ocrx_word' id='word_1_133' title='bbox 430 2976 566 3048; x_wconf 78' lang='lat' dir='ltr'><strong>Quartus</strong></span> <span class='ocrx_word' id='word_1_134' title='bbox 586 2972 716 3052; x_wconf 89' lang='lat' dir='ltr'><strong>modus,</strong></span> <span class='ocrx_word' id='word_1_135' title='bbox 741 2975 830 3054; x_wconf 83' lang='lat' dir='ltr'><strong>isque</strong></span> <span class='ocrx_word' id='word_1_136' title='bbox 853 2979 936 3039; x_wconf 87' lang='lat' dir='ltr'><strong>omni</strong></span> <span class='ocrx_word' id='word_1_137' title='bbox 958 2998 997 3039; x_wconf 81' lang='lat' dir='ltr'><strong>ex</strong></span> <span class='ocrx_word' id='word_1_138' title='bbox 1020 2989 1108 3060; x_wconf 81' lang='lat' dir='ltr'><strong>parte</strong></span> <span class='ocrx_word' id='word_1_139' title='bbox 1131 2982 1284 3062; x_wconf 82' lang='lat' dir='ltr'><strong>pessimus</strong></span> 
     </span>
     <span class='ocr_line' id='line_1_23' title="bbox 198 3077 1283 3165; baseline 0.003 -21"><span class='ocrx_word' id='word_1_140' title='bbox 198 3092 262 3162; x_wconf 88' lang='lat' dir='ltr'><strong>est,</strong></span> <span class='ocrx_word' id='word_1_141' title='bbox 287 3100 384 3162; x_wconf 90' lang='lat' dir='ltr'><strong>quum</strong></span> <span class='ocrx_word' id='word_1_142' title='bbox 407 3087 539 3157; x_wconf 82' lang='lat' dir='ltr'><strong>utraque</strong></span> <span class='ocrx_word' id='word_1_143' title='bbox 563 3077 703 3140; x_wconf 82' lang='lat' dir='ltr'><strong>vocabuli</strong></span> <span class='ocrx_word' id='word_1_144' title='bbox 730 3097 803 3160; x_wconf 79' lang='lat' dir='ltr'>pars</span> <span class='ocrx_word' id='word_1_145' title='bbox 829 3080 891 3143; x_wconf 80' lang='lat' dir='ltr'><strong>ictu</strong></span> <span class='ocrx_word' id='word_1_146' title='bbox 914 3093 1014 3162; x_wconf 80' lang='lat' dir='ltr'><strong>caret,</strong></span> <span class='ocrx_word' id='word_1_147' title='bbox 1041 3103 1140 3165; x_wconf 83' lang='lat' dir='ltr'><strong>eaque</strong></span> <span class='ocrx_word' id='word_1_148' title='bbox 1162 3103 1194 3146; x_wconf 84' lang='lat' dir='ltr'><strong>re</strong></span> <span class='ocrx_word' id='word_1_149' title='bbox 1224 3095 1283 3147; x_wconf 79' lang='lat' dir='ltr'><strong>toto</strong></span> 
     </span>
     <span class='ocr_line' id='line_1_24' title="bbox 196 3181 1278 3276; baseline 0.004 -29"><span class='ocrx_word' id='word_1_150' title='bbox 196 3205 258 3247; x_wconf 85' lang='lat' dir='ltr'><strong>vox</strong></span> <span class='ocrx_word' id='word_1_151' title='bbox 279 3183 406 3247; x_wconf 86' lang='lat' dir='ltr'><strong>induas</strong></span> <span class='ocrx_word' id='word_1_152' title='bbox 429 3201 557 3246; x_wconf 81' lang='lat' dir='ltr'><strong>numero</strong></span> <span class='ocrx_word' id='word_1_153' title='bbox 579 3181 743 3244; x_wconf 80' lang='lat' dir='ltr'><strong>destitutas</strong></span> <span class='ocrx_word' id='word_1_154' title='bbox 766 3193 869 3262; x_wconf 74' lang='lat' dir='ltr'><strong>paotes</strong></span> <span class='ocrx_word' id='word_1_155' title='bbox 885 3184 1006 3250; x_wconf 85' lang='lat' dir='ltr'><strong>diffluit.</strong></span> <span class='ocrx_word' id='word_1_156' title='bbox 1042 3189 1081 3276; x_wconf 60' lang='grc' dir='ltr'><strong>γι</strong></span> <span class='ocrx_word' id='word_1_157' title='bbox 1095 3186 1180 3271; x_wconf 79' lang='lat' dir='ltr'><strong>opud</strong></span> <span class='ocrx_word' id='word_1_158' title='bbox 1195 3188 1278 3252; x_wconf 89' lang='lat' dir='ltr'><strong>Pind.</strong></span> 
     </span>
     <span class='ocr_line' id='line_1_25' title="bbox 197 3289 337 3354; baseline -0.029 0"><span class='ocrx_word' id='word_1_159' title='bbox 197 3289 244 3354; x_wconf 86' lang='lat'><strong>01.</strong></span> <span class='ocrx_word' id='word_1_160' title='bbox 265 3290 286 3352; x_wconf 93' lang='lat' dir='ltr'><strong>l.</strong></span> <span class='ocrx_word' id='word_1_161' title='bbox 307 3293 337 3351; x_wconf 88' lang='lat'><strong>3.</strong></span> 
     </span>
    </p>
   </div>
   <div class='ocr_carea' id='block_1_8' title="bbox 155 3401 860 4098">
    <p class='ocr_par' dir='ltr' id='par_1_8' title="bbox 155 3401 826 3719">
     <span class='ocr_line' id='line_1_26' title="bbox 282 3401 614 3493; baseline -0.009 -19"><span class='ocrx_word' id='word_1_162' title='bbox 282 3402 342 3480; x_wconf 76' lang='grc' dir='ltr'><strong>ἅττ</strong></span> <span class='ocrx_word' id='word_1_163' title='bbox 360 3401 543 3493; x_wconf 75' lang='grc' dir='ltr'><strong><em>διαπρέπει</em></strong></span> <span class='ocrx_word' id='word_1_164' title='bbox 559 3429 614 3471; x_wconf 88' lang='grc' dir='ltr'><strong>νυ-</strong></span> 
     </span>
     <span class='ocr_line' id='line_1_27' title="bbox 155 3503 826 3611; baseline -0.003 -33"><span class='ocrx_word' id='word_1_165' title='bbox 155 3600 161 3611; x_wconf 30' lang='lat'><strong>·</strong></span> <span class='ocrx_word' id='word_1_166' title='bbox 282 3509 336 3582; x_wconf 81' lang='grc' dir='ltr'><strong>ντί</strong></span> <span class='ocrx_word' id='word_1_167' title='bbox 349 3506 533 3598; x_wconf 73' lang='grc' dir='ltr'><strong><em>μεγάνορος</em></strong></span> <span class='ocrx_word' id='word_1_168' title='bbox 548 3505 646 3596; x_wconf 68' lang='grc' dir='ltr'><strong><em>ἔξοχα</em></strong></span> <span class='ocrx_word' id='word_1_169' title='bbox 662 3503 826 3578; x_wconf 78' lang='grc' dir='ltr'><strong><em>πλούτου·</em></strong></span> 
     </span>
     <span class='ocr_line' id='line_1_28' title="bbox 197 3655 367 3719; baseline -0.024 -1"><span class='ocrx_word' id='word_1_170' title='bbox 197 3668 273 3719; x_wconf 86' lang='lat' dir='ltr'><strong>etv.</strong></span> <span class='ocrx_word' id='word_1_171' title='bbox 296 3655 367 3716; x_wconf 75' lang='grc'><strong>461.</strong></span> 
     </span>
    </p>

    <p class='ocr_par' dir='ltr' id='par_1_9' title="bbox 282 3767 677 3857">
     <span class='ocr_line' id='line_1_29' title="bbox 282 3767 677 3857; baseline -0.013 -19"><span class='ocrx_word' id='word_1_172' title='bbox 282 3768 413 3849; x_wconf 73' lang='grc' dir='ltr'><strong>ι’ίπατςν</strong></span> <span class='ocrx_word' id='word_1_173' title='bbox 436 3767 568 3857; x_wconf 75' lang='grc' dir='ltr'><strong><em>ἔρχεται</em></strong></span> <span class='ocrx_word' id='word_1_174' title='bbox 591 3795 677 3835; x_wconf 88' lang='grc' dir='ltr'><strong><em>παν-</em></strong></span> 
     </span>
    </p>

    <p class='ocr_par' dir='ltr' id='par_1_10' title="bbox 196 3871 860 4098">
     <span class='ocr_line' id='line_1_30' title="bbox 282 3871 860 3963; baseline -0.002 -21"><span class='ocrx_word' id='word_1_175' title='bbox 282 3873 316 3942; x_wconf 84' lang='grc' dir='ltr'><strong>τί</strong></span> <span class='ocrx_word' id='word_1_176' title='bbox 336 3879 465 3962; x_wconf 77' lang='grc' dir='ltr'><strong><em>βροτῷ·</em></strong></span> <span class='ocrx_word' id='word_1_177' title='bbox 490 3871 549 3957; x_wconf 73' lang='grc' dir='ltr'><strong>ἐμὲ</strong></span> <span class='ocrx_word' id='word_1_178' title='bbox 570 3871 608 3941; x_wconf 74' lang='grc' dir='ltr'><strong>δὲ</strong></span> <span class='ocrx_word' id='word_1_179' title='bbox 631 3879 860 3963; x_wconf 76' lang='grc' dir='ltr'><strong>στεφανῶσαιΙ</strong></span> 
     </span>
     <span class='ocr_line' id='line_1_31' title="bbox 196 4019 493 4098; baseline -0.007 -18"><span class='ocrx_word' id='word_1_180' title='bbox 196 4027 227 4080; x_wconf 79' lang='lat' dir='ltr'><strong>et</strong></span> <span class='ocrx_word' id='word_1_181' title='bbox 242 4019 327 4098; x_wconf 61' lang='lat' dir='ltr'><strong>ooth.</strong></span> <span class='ocrx_word' id='word_1_182' title='bbox 347 4019 421 4080; x_wconf 84' lang='lat' dir='ltr'><strong>uu.</strong></span> <span class='ocrx_word' id='word_1_183' title='bbox 442 4021 493 4082; x_wconf 79' lang='lat' dir='ltr'><strong>oo.</strong></span> 
     </span>
    </p>
   </div>
   <div class='ocr_carea' id='block_1_9' title="bbox 282 4135 751 4332">
    <p class='ocr_par' dir='ltr' id='par_1_11' title="bbox 282 4135 751 4332">
     <span class='ocr_line' id='line_1_32' title="bbox 282 4135 595 4226; baseline -0.016 -20"><span class='ocrx_word' id='word_1_184' title='bbox 282 4135 318 4206; x_wconf 78' lang='grc' dir='ltr'><strong>ἐκ</strong></span> <span class='ocrx_word' id='word_1_185' title='bbox 341 4135 495 4226; x_wconf 81' lang='grc' dir='ltr'><strong><em>πατέρων</em></strong></span> <span class='ocrx_word' id='word_1_186' title='bbox 514 4160 595 4223; x_wconf 82' lang='grc' dir='ltr'><strong>παι-</strong></span> 
     </span>
     <span class='ocr_line' id='line_1_33' title="bbox 282 4239 751 4332; baseline -0.009 -20"><span class='ocrx_word' id='word_1_187' title='bbox 282 4242 318 4312; x_wconf 85' lang='grc' dir='ltr'><strong>οί</strong></span> <span class='ocrx_word' id='word_1_188' title='bbox 339 4243 437 4332; x_wconf 77' lang='grc' dir='ltr'><strong><em>λῆμα.</em></strong></span> <span class='ocrx_word' id='word_1_189' title='bbox 464 4241 616 4326; x_wconf 73' lang='grc' dir='ltr'><strong><em>θαέομαι</em></strong></span> <span class='ocrx_word' id='word_1_190' title='bbox 638 4239 751 4332; x_wconf 79' lang='grc' dir='ltr'><strong><em>σαφές.</em></strong></span> 
     </span>
    </p>
   </div>
   <div class='ocr_carea' id='block_1_10' title="bbox 0 0 1466 4948">
    <p class='ocr_par' dir='ltr' id='par_1_12' title="bbox 0 0 1466 4948">
     <span class='ocr_line' id='line_1_34' title="bbox 0 0 1466 4948; baseline 0 0"><span class='ocrx_word' id='word_1_191' title='bbox 0 0 1466 4948; x_wconf 95' lang='lat' dir='ltr'><strong> </strong></span> 
     </span>
    </p>
   </div>
  </div>
 </body>
</html>
