2922 4948
234 355 296 419 234
630 375 686 416 ure.
707 373 752 416 ur.
786 371 848 415 mr.
868 371 926 414 xix.

232 528 369 612 Apparet
383 549 467 608 vero,
487 530 518 590 in
533 529 633 611 prima
648 528 759 589 harum
775 525 964 590 divisionum
979 545 1042 592 non
1057 526 1213 607 eleganter
1226 527 1325 593 verbe

233 623 356 713 ἔθεος,
390 625 515 720 ἄφιλος
542 642 574 695 et
602 623 879 718 παραφρόοιμοο,
914 619 1061 715 ἄπορον,
1099 649 1180 713 quae
1210 649 1326 698 sensus

232 739 373 820 coniungi
389 729 540 820 postulat,¹
565 737 598 800 in
620 735 683 798 duo
698 733 844 806 ,membra
860 734 982 814 divelli;
1007 738 1040 800 in
1062 735 1201 807 secunda
1217 745 1325 808 autem

233 843 329 906 multe
355 843 445 922 peius
471 842 563 902 etiam
587 840 741 908 Cretieum
767 838 798 900 in
825 839 955 918 syllabis
982 860 1043 908 non
1068 843 1203 922 integras
1231 859 1325 903 voees

232 947 453 1024 efficientibus,
481 945 640 1026 multoque
662 943 764 1005 minus
787 961 915 1008 sensum
935 944 1069 1026 aliquem
1096 944 1343 1028 praebentibus·

232 1052 384 1114 constitui.
418 1048 507 1124 Quod
528 1056 632 1114 eontra
655 1067 751 1132 quam
772 1050 861 1110 tertio
884 1049 949 1112 loeo
971 1049 1132 1131 posuimus
1156 1050 1320 1130 rationem,

156 1184 160 1196 ·
231 1158 272 1220 ita
294 1157 463 1236 elegantem
484 1173 554 1216 esse
570 1151 730 1232 videmus,
757 1160 792 1212 ut
815 1171 883 1214 eam
904 1154 1011 1217 merito
1034 1155 1142 1214 ceteris
1166 1153 1324 1234 praeferre

232 1259 411 1322 debeamus.
451 1260 527 1320 Nam
557 1275 659 1338 neque
689 1255 864 1318 membrum
893 1255 988 1317 babet
1008 1277 1048 1318 ex
1074 1257 1203 1340 syllabis
1227 1277 1325 1320 sensu

232 1363 408 1429 carentibus
438 1362 659 1440 compositum
694 1369 725 1421 et
750 1379 830 1440 quae
860 1361 1002 1444 coniungi
1033 1380 1145 1424 sensus
1172 1363 1320 1444 postulat²

231 1460 314 1530 θεὸν
337 1459 465 1552 πρόμον
480 1457 612 1542 Ἅλιον,
635 1473 665 1526 et
693 1452 800 1540 ἄθεος
823 1451 966 1550 ἄφιλος,
994 1473 1025 1530 et
1046 1459 1321 1553 παραφρόοιμοτ,

231 1558 375 1656 ἔπορον,
400 1570 561 1630 coniuncta
585 1577 675 1646 sunt;
701 1577 731 1630 et
747 1569 884 1632 Creticus
906 1587 942 1630 eo
959 1569 1041 1648 loeo,
1065 1571 1119 1650 qui
1142 1571 1323 1651 aptissimus

232 1685 289 1753 ost,
309 1675 409 1756 iisque
425 1675 456 1734 in
472 1673 619 1752 vocibus,
645 1691 724 1752 quae
748 1673 933 1754 singularem
957 1673 1019 1734 vim
1043 1673 1175 1756 habent,
1202 1675 1324 1736 eonsti-

231 1787 318 1842 tutus
333 1779 485 1856 cernitur3
512 1786 682 1858 postremo,
706 1777 732 1837 si
747 1777 779 1838 hi
794 1796 904 1840 versus
921 1776 1092 1840 seeundum
1117 1779 1197 1840 hano
1219 1797 1324 1839 mem-

232 1881 360 1944 brorum
376 1881 557 1943 divisionem
574 1867 755 1962 recitantur,
775 1881 850 1943 nibil
867 1889 914 1947 est
930 1899 1082 1962 usquam²
1102 1881 1187 1967 quod
1202 1883 1325 1946 auditor

232 2005 294 2078 non
324 1985 414 2048 modo
440 1988 542 2048 statim
570 1986 732 2068 pereipiat,
767 1984 823 2047 sed
849 1986 940 2047 etiam
967 1986 1008 2049 ila
1035 1995 1106 2067 apte
1123 1984 1164 2051 'et
1190 1989 1325 2068 graviter

232 2091 412 2152 collocatum
433 2089 674 2169 animadvertat,
701 2099 735 2152 ut
757 2107 814 2151 sua
837 2090 965 2170 singulis
981 2089 1086 2154 verbis
1106 2110 1142 2155 eo
1164 2093 1325 2154 sententiis

234 2195 281 2255 vis
296 2203 327 2256 et
341 2195 441 2257 virtus
457 2203 583 2256 eonstet.
883 2191 885 2195 ’

661 2669 773 2741 eAP.
790 2669 902 2743 XIX.

348 2841 407 2909 De
436 2862 515 2910 usu
543 2839 923 2933 antistropharnm
951 2839 1210 2912 summatim.

316 3022 433 3107 §630
460 3027 566 3088 Graeci
587 3028 618 3086 in
639 3029 722 3090 omni
744 3028 847 3110 poesi,
874 3028 1008 3093 maxime
1031 3035 1136 3092 autem
1158 3029 1191 3090 in
1215 3029 1321 3111 lyrica,

231 3141 262 3192 et
285 3131 383 3212 magis
404 3131 494 3192 etiam
519 3132 550 3192 in
572 3133 690 3193 seenioa
714 3149 824 3211 magno
847 3130 948 3193 studio
971 3131 1133 3212 aequalem
1154 3133 1326 3213 quamdam

231 3237 364 3318 partium
388 3231 646 3317 comparationem
662 3235 827 3298 consectati
843 3243 924 3298 sunt.
946 3237 1045 3308 'Quae
1062 3213 1111 3296 res
1129 3244 1164 3296 ut
1178 3236 1219 3297 ed
1235 3239 1326 3300 mul-

232 3339 346 3402 eondos
361 3358 398 3400 ao
413 3338 611 3402 deleniendos
635 3341 755 3413 animos¹
777 3337 953 3402 auditorum
969 3340 1113 3400 eximiam
1137 3342 1325 3424 suavitatem

232 3443 342 3522 habet,
368 3445 408 3504 ite
433 3444 579 3523 singulari
601 3453 665 3505 arte
687 3441 727 3505 ad
751 3442 859 3502 miram
878 3443 1054 3504 varietatem
1078 3441 1214 3506 adducta
1230 3455 1326 3526 atque

232 3547 354 3610 exeulta
370 3556 426 3608 est.

317 3771 341 3853 ξ
355 3769 434 3837 631.
460 3772 572 3833 Metriei
590 3773 735 3852 earmina,
756 3771 839 3853 quod
854 3769 895 3834 ad
909 3773 1109 3852 repetitiones
1125 3793 1326 3839 numerorum

232 3878 350 3956 attinet,
368 3878 401 3938 in
416 3874 480 3962 duo
494 3894 605 3956 genera
621 3875 774 3956 dividunt,
795 3895 875 3958 quae
891 3869 996 3938 κατὰ
1012 3868 1159 3956 στίχον
1173 3888 1205 3940 et
1220 3872 1326 3942 κατὰ

232 3973 434 4064 σύστημα,
451 3981 517 4042 sive
534 3972 842 4065 σοστηματικά,
860 3988 1016 4042 vocantur.
1047 3974 1165 4043 Κατὰ
1181 3976 1327 4063 στίχον

232 4093 323 4163 sunt,
350 4103 430 4164 quae
453 4083 667 4146 tantummodo
689 4103 728 4146 ex
748 4083 894 4148 versibus
916 4087 1083 4164 composita
1106 4093 1194 4163 sunt3
1220 4081 1325 4150 κατὰ

232 4180 438 4272 σύστημα,
468 4207 547 4268 quae
578 4209 617 4250 ex
643 4190 819 4272 systematis
842 4189 892 4250 vel
919 4190 1063 4270 strophis.
1106 4191 1192 4264 Quae
1214 4211 1327 4272 genera

234 4311 332 4372 quum
358 4295 400 4356 ita
423 4294 548 4354 suntin
569 4310 631 4355 uno
653 4293 788 4362 earmina
809 4294 988 4373 coniuncte,
1011 4302 1047 4356 nt
1066 4311 1138 4372 pers
1153 4287 1239 4360 κατὰ
1255 4286 1328 4359 στί-
