2896 4960
275 377 335 439 128
655 397 711 440 nu.
731 397 763 440 u.
798 397 859 440 cir.
879 397 967 440 xxxii.

358 549 393 610 G.
412 549 489 620 uode
503 551 551 612 lc?
566 551 639 634 quid
652 549 739 632 fers?
754 553 829 634 quid
841 551 989 634 festinos?

357 655 393 714 D.
414 662 466 716 too
480 655 558 736 qudd
570 655 616 716 nil
629 653 741 734 reffert,
760 658 799 717 ool
812 647 909 718 cotes.

360 759 394 820 G.
413 755 486 839 quid
499 757 574 820 note
589 761 656 821 est?
677 761 714 820 D.
732 777 812 840 quos
827 767 885 822 to·
894 758 961 820 edes
976 758 1124 819 colubros.

359 861 393 926 G.
412 859 484 942 quid
500 869 560 922 tom
575 860 778 924 lrocoodu'c?
801 865 838 922 D.
856 863 885 923 ci
897 862 928 923 to
945 871 971 925 tc

353 965 454 1044 pudor
470 965 554 1043 desit,
572 983 631 1026 ooo
645 983 691 1026 me
707 965 848 1048 oppdlloe

359 1069 394 1129 G.
411 1066 531 1148 possum
546 1071 623 1130 sciro
639 1086 681 1130 eoe
696 1078 723 1131 te
738 1071 867 1130 voum?

359 1173 397 1232 1).
411 1178 513 1252 poles:
532 1169 614 1233 lodie
628 1191 686 1234 ooo
702 1171 850 1236 coeadbis.

662 1627 776 1698 cnP.
793 1627 965 1697 xxm.

460 1775 518 1848 De
545 1780 851 1872 anapaesticis
878 1777 1167 1850 tetrametris.

358 1945 471 2030 5383.
491 1951 731 2010 Tetrametri
745 1947 1067 2026 duoinusuluerunt,
1087 1949 1352 2028 acatalectus,

253 2123 254 2127 η
273 2072 365 2134 quem
382 2051 437 2112 soli
453 2053 579 2114 Romani
594 2051 740 2115 videntur
754 2071 930 2134 usurpasse,
949 2062 980 2114 et
996 2053 1280 2132 catalecticus,
1300 2071 1356 2113 oo-

273 2153 410 2217 moediae
429 2156 587 2236 propriae,
615 2174 676 2236 quo
698 2159 821 2237 utrique
841 2159 890 2218 usi
913 2166 996 2218 sunt.
1029 2157 1072 2216 De
1095 2155 1351 2234 catalectico,

273 2260 326 2339 qui
341 2258 660 2338 Aristophaneus
678 2268 821 2338 vocatur,
840 2268 980 2321 accurue
997 2257 1142 2320 disseruit
1156 2260 1310 2321 Porsonus
1326 2261 1355 2319 in

272 2363 368 2444 prael.
395 2362 436 2424 ad
452 2363 522 2424 llec.
548 2382 579 2443 p.
602 2367 650 2425 lo.
678 2382 763 2444 seqq.
784 2363 910 2426 Constat
931 2363 979 2424 hic
999 2380 1110 2424 versus
1125 2361 1256 2423 dimetro
1279 2381 1354 2424 aca-

273 2467 382 2529 talecto
411 2476 442 2528 et
461 2467 668 2547 paroemiaco,
701 2484 828 2528 caesura
856 2467 889 2567 in
919 2465 979 2526 line
1007 2468 1107 2545 quarti
1128 2465 1217 2547 pedis
1246 2463 1355 2528 sedulo

274 2571 452 2650 observata,
476 2571 660 2651 plerumque
682 2571 773 2631 etiam
795 2571 939 2632 incisione
961 2569 1040 2632 lacta
1062 2571 1095 2631 in
1116 2567 1245 2630 secundi
1268 2569 1356 2648 pedis

267 2674 345 2755 line,
364 2683 431 2735 turn
446 2674 559 2736 evitato
573 2673 690 2753 ubique
704 2674 983 2770 proceleusmatico.

359 2877 475 2962 §384
502 2881 650 2954 Quamvis
672 2879 831 2962 diligenter
847 2899 982 2966 ,caesura
1004 2880 1035 2941 in
1057 2881 1117 2941 fine
1137 2881 1238 2960 quarti
1266 2879 1353 2962 pedis

275 2984 470 3062 observetur,
491 2992 593 3046 tamen
607 2982 732 3045 videtur
746 3003 791 3063 ea,
811 2984 881 3044 licet
896 2984 1064 3063 rarissime,
1084 2985 1175 3045 etiam
1191 2983 1274 3046 lacta
1289 3002 1348 3046 esse
1445 3057 1446 3064 ἵ

274 3091 306 3150 in
319 3089 458 3170 proxime
481 3095 629 3167 sequente
650 3087 737 3149 brevi
759 3087 893 3168 syllaba,
917 3088 998 3148 utin
1022 3088 1166 3148 dimetro:
1192 3107 1223 3150 v.
1244 3086 1262 3172 §
1281 3087 1347 3150 366.

273 3192 427 3274 Aristoph.
447 3190 504 3253 Av.
525 3193 596 3252 600,

358 3314 424 3376 τῶν
447 3301 626 3397 ἀργυρίων
651 3296 747 3374 οὗτοι
768 3303 828 3395 γὰρ
849 3301 960 3374 ἴσασι·
987 3305 1119 3394 λέγουσι
1142 3305 1180 3372 δέ
1200 3329 1256 3373 τοι
1277 3302 1358 3372 τάδε

914 3409 1046 3489 πάντες.

274 3539 308 3600 In
330 3536 499 3620 fragmento
517 3512 738 3630 Cratini'apud
760 3537 960 3598 Scholiastam
983 3534 1196 3616 Aristophanis
1219 3534 1261 3596 ad
1275 3533 1358 3596 Aves
1443 3583 1444 3624 ,

274 3661 303 3704 v.
324 3642 396 3703 767.

359 3757 417 3825 καὶ
432 3762 565 3846 πρῶτον
579 3755 639 3843 μὲν
653 3755 748 3846 παρὰ
763 3760 966 3826 ναυτοδικῶν
980 3751 1101 3845 oindyor
1116 3751 1192 3844 τρία
1215 3749 1358 3824 κνώδαλ’
1442 3759 1443 3778 ’

912 3857 1044 3950 ἀναιδῆ,

359 3963 498 4046 uiator,
521 3959 708 4055 Ὀσφύωνα,
731 3967 908 4057 Διϊτρεφῆ.

274 4109 336 4153 non
351 4089 488 4170 putanda
512 4099 559 4152 est
574 4092 709 4170 neglecta
725 4110 793 4153 esse
808 4109 952 4170 caesura,
972 4089 1070 4153 diviso
1085 4083 1117 4150 in
1133 4103 1189 4151 sua
1205 4085 1356 4151 elementa

277 4196 400 4256 nomine
415 4195 546 4275 proprio.
581 4195 656 4257 Vide
671 4192 688 4277 ᾗ
706 4199 756 4259 60.
790 4195 833 4256 De
856 4213 1002 4257 mensura
1025 4193 1117 4254 huius
1132 4191 1264 4254 nominis
1277 4191 1360 4253 Διΐ-

278 4290 400 4384 τρεφὴς
414 4297 491 4359 dixit
506 4299 671 4361 Elinsleius
687 4298 726 4360 ad
741 4297 863 4362 Medeae
878 4320 908 4360 v.
919 4300 1002 4361 666.
