2930 4962
494 413 531 455 na
548 409 669 454 amcam
685 409 824 456 anorum.
1169 397 1208 459 19

115 573 232 644 auum,
253 566 400 644 quoniam
414 583 471 644 per
487 581 651 625 numerum
668 565 752 626 nulla
769 571 914 626 mensura
930 565 1073 645 ambigua
1090 575 1146 648 εει,
1166 567 1207 629 ad

115 667 211 728 verba
236 668 316 728 bane
337 675 431 728 totam
455 667 624 728 doctrinam
647 669 817 750 pertinere,
843 685 975 750 quornm
1000 689 1083 730 nuno
1104 671 1204 750 aliqua

117 771 208 849 longa
225 771 347 851 syllaba
362 789 418 851 pro
434 771 531 850 brevi,
552 789 636 832 nunc
650 772 754 832 brevis
770 773 929 852 prolonga
946 785 1136 834 numeretur.

203 957 298 1040 §titt
332 960 367 1021 Id
387 941 449 1022 non
470 969 572 1040 potest
587 962 646 1022 uisi
661 964 693 1022 ia
709 963 746 1024 iis
761 979 960 1024 numerorum
977 963 1050 1024 locis
1067 965 1147 1042 lieri,
1174 965 1205 1024 in

115 1063 233 1145 quibus
255 1065 391 1144 pravitas
412 1083 576 1126 mensurae
599 1064 687 1126 laoile
701 1066 861 1128 delitescit.
895 1065 1054 1128 Eiusmodi
1071 1067 1127 1128 loci
1143 1067 1205 1129 duo

114 1177 200 1246 sunt,
225 1169 596 1229 anaorusisexuaa
614 1168 923 1248 brevisyllaba‚
950 1189 1042 1250 quam
1059 1170 1203 1250 quoniam

113 1271 188 1332 nihil
212 1269 388 1349 praecedit,
413 1270 454 1332 ad
477 1270 561 1351 quod
584 1273 752 1350 comparari
775 1273 886 1353 possit,
913 1291 1019 1334 norma
1044 1256 1205 1335 deficiente

27 1407 31 1412 ·
113 1395 174 1436 non
193 1373 382 1436 offendimur
397 1375 488 1454 longa
501 1374 620 1454 syllaba
636 1395 692 1454 pro
706 1375 795 1437 brevi
811 1378 926 1456 posita:
946 1375 1059 1438 deinde
1074 1377 1202 1440 ultima

115 1478 304 1540 ordinum
324 1476 503 1555 syllaba,
529 1478 595 1539 sive
609 1497 645 1538 ea
661 1481 739 1540 arsia
754 1481 819 1540 sive
835 1479 930 1540 thesis
945 1481 999 1559 sit,
1022 1500 1115 1560 quam
1132 1483 1203 1561 quia

118 1582 187 1642 nibil
204 1581 364 1660 sequitur,
391 1579 476 1660 quod
489 1582 558 1642 eius
573 1581 806 1658 diuturnitatem
823 1581 962 1659 deliniat,
990 1603 1051 1645 non
1068 1583 1204 1645 ollandi·-

118 1700 194 1764 mur,
213 1685 240 1746 si
257 1701 318 1765 pro.
328 1684 415 1746 brevi
432 1685 531 1764 longa,
554 1695 609 1746 ant
623 1703 679 1765 pro
693 1687 781 1764 longa
798 1685 901 1747 brevis
918 1686 1017 1764 posita
1031 1697 1087 1762 est,
1106 1705 1202 1766 quum

114 1789 238 1848 omnino
262 1789 292 1848 in
316 1789 377 1848 line
397 1807 526 1867 pausam
544 1789 608 1850 fieri
630 1808 755 1850 necesse
777 1789 826 1850 sit.
860 1788 921 1850 Sed
944 1790 974 1848 in
990 1790 1098 1850 ultima
1115 1789 1204 1850 ordi-

115 1911 189 1952 num
206 1891 327 1973 syllaba
343 1891 450 1970 plures
466 1891 589 1972 regulae
603 1892 759 1953 notandae
774 1902 856 1953 sunt.

205 2078 295 2162 §⁶7-
332 2078 377 2140 Αο
403 2082 501 2160 primo
527 2090 668 2161 apertum
695 2091 756 2160 est,
787 2082 931 2143 ordinum
957 2083 1048 2142 finem
1076 2084 1203 2163 intelligi

120 2203 201 2262 eum,
218 2203 278 2264 quo
295 2185 361 2264 ipsa
377 2185 470 2246 totius
485 2186 606 2246 numeri
623 2187 813 2266 perpetuitas
829 2187 943 2248 linitur.
977 2187 1079 2257 Quare
1093 2189 1124 2248 in
1141 2207 1202 2267 pe-

115 2286 236 2350 riodicis
253 2287 417 2350 ordinibus
433 2307 493 2348 non
509 2290 647 2352 cuiusvis
664 2288 791 2368 ordinis,
806 2309 845 2348 ex
861 2307 922 2366 quo
938 2287 1013 2350 ordo
1027 2288 1201 2368 periodicus

113 2393 303 2471 compositus
326 2401 389 2469 est,
416 2390 472 2452 sed
495 2393 594 2452 ultimi
609 2401 730 2454 matum
746 2392 852 2454 ultima
870 2390 988 2468 syllaba
1011 2411 1124 2470 anceps
1140 2402 1196 2454 εει.

111 2494 188 2556 Ηίοο
203 2495 235 2554 in
252 2495 413 2556 trochaicis
429 2495 582 2574 versibus,
609 2496 662 2575 qui
677 2514 733 2575 per
748 2493 889 2575 dipodias
905 2493 1062 2574 incidunt,
1084 2513 1201 2556 secun-

110 2597 172 2660 dus
187 2598 369 2675 trochaeus,
395 2599 426 2658 in
443 2598 638 2677 ithyphallico
654 2617 747 2660 versu
762 2606 884 2675 autem,
908 2597 961 2675 qui
976 2605 1077 2658 estex
1094 2597 1201 2660 ordine

109 2701 267 2782 periodioo
279 2711 342 2762 tres
358 2702 515 2764 trochaeos
531 2702 762 2782 complectente,
778 2701 886 2764 tertius
902 2709 1021 2762 tantum
1038 2702 1199 2780 ancipitem

113 2805 257 2868 admittit.

197 2971 293 3058 568.
327 2975 443 3038 Deinde
467 2976 557 3038 simul
581 2979 607 3039 is
630 2995 780 3040 numerus
803 2976 991 3056 spectandus
1008 2986 1070 3055 est,
1097 2978 1197 3058 quiin

111 3081 215 3143 verbis
237 3082 312 3160 ipsis
336 3091 399 3142 est:
426 3079 510 3142 unde
531 3082 608 3142 aliae
630 3079 769 3159 syllabae
790 3082 938 3160 ancipites
954 3090 1073 3141 matum
1090 3082 1120 3140 in
1137 3081 1199 3142 fine

111 3203 237 3265 versuS,
262 3183 339 3245 aliae
355 3185 446 3244 etiam
463 3185 495 3244 in
511 3183 611 3245 medio
626 3204 736 3263 versu,
760 3184 863 3244 albae
878 3182 1003 3262 quidem
1019 3193 1074 3244 aut
1088 3187 1119 3245 in
1134 3186 1199 3246 solo

112 3289 170 3349 line
187 3287 342 3366 vocabuli,
361 3287 521 3348 autetiam
537 3288 568 3347 in
584 3287 685 3350 medio
703 3287 851 3349 vocabulo
866 3287 966 3348 locum
982 3288 1153 3350 inveniunt.

197 3474 222 3557 5
235 3472 292 3542 69.
325 3475 370 3538 Ασ
385 3477 479 3538 ιοιίοε
492 3493 604 3540 versus
619 3476 739 3555 syllaba
755 3476 870 3555 finalis,
896 3495 975 3556 quae
990 3477 1082 3537 simul
1099 3478 1198 3539 finalis

113 3581 255 3641 vocabuli
270 3590 333 3662 est,
359 3580 535 3643 omnimodo
550 3600 663 3662 anceps
679 3589 741 3660 est,
765 3590 896 3659 utroque
912 3599 1055 3658 numero,
1081 3589 1111 3641 et
1127 3601 1198 3641 me-

113 3686 196 3763 trico,
216 3691 247 3746 ει
261 3701 307 3765 εο,
327 3683 427 3764 quiin
442 3681 548 3746 verbis
564 3694 620 3764 est,
640 3685 671 3744 in
687 3701 723 3744 ea
738 3679 908 3744 desinente.

197 3872 221 3955 ἦ
242 3870 297 3937 70.
331 3873 366 3933 ln
391 3873 492 3935 medio
512 3891 606 3936 versu
628 3871 791 3952 medioque
814 3874 845 3934 in
870 3872 1019 3935 vocabulo
1039 3875 1198 3934 anacrusis

117 3978 162 4037 vel
188 3978 294 4040 ultima
319 3978 415 4039 thesis
442 3996 641 4039 numerorum
664 3977 885 4038 trochaioorum
912 3985 943 4036 et
969 3977 1077 4037 ultima
1103 3977 1197 4036 thesis
1301 4053 1306 4068 Ι

118 4081 320 4144 membrorum
337 4101 377 4144 ex
392 4083 520 4162 epitritis
536 4082 651 4141 Doricis
667 4081 874 4142 constantium
890 4099 1004 4162 anceps
1020 4088 1082 4140 est:

197 4177 397 4258 Διοςόόιοις
411 4177 610 4268 σκήπτροισι
625 4178 907 4269 τιμαλφούμενον,

198 4281 241 4373 μή
256 4308 324 4367 μιν,
342 4275 369 4347 ol
385 4287 531 4367 Μοῖσαι,
551 4281 732 4372 φυγόξενον
748 4274 899 4371 occardo.

950 4403 987 4454 2*
