2930 4962
245 324 284 384 72
350 383 353 389 ,
648 339 703 380 ιιι.
725 339 756 382 ιι.
790 339 852 382 ιιι.
872 339 918 380 u.

244 494 345 554 omnia
361 511 423 554 non
446 492 537 555 modo
558 492 674 555 ratione
688 501 811 570 carent,
838 493 988 573 quianon
1004 503 1132 573 apparet
1141 541 1149 572 ,
1175 512 1232 555 our
1247 493 1331 574 quod

244 598 274 657 in
291 596 390 676 prima
405 594 527 676 dipodia
543 596 649 673 liceat,
668 614 730 657 non
746 596 836 656 liceat
850 596 943 657 etiam
958 597 990 656 in
1005 597 1131 672 ceteris,
1151 606 1182 658 et
1196 615 1254 664 cur
1268 615 1330 658 an-

244 681 402 779 tispastus,
422 699 476 780 qui
491 698 532 762 ab
547 699 688 761 anacrusi
703 696 833 760 iambica
848 699 962 781 incipit,
982 709 1013 760 et
1028 700 1060 783 ip
1076 700 1177 764 thesin
1193 699 1332 762 trochai-

245 822 313 864 cam
328 800 455 882 desinit,
474 821 536 864 non
551 801 663 863 habeat
678 810 857 882 utramque,
877 810 912 864 ut
927 801 1055 881 par'est
1075 804 1255 882 ancipitem:
1275 802 1333 865 sed

244 907 336 970 etiam
348 925 512 969 numerum
524 905 674 986 praebent
688 903 765 967 adeo
780 905 921 984 fractum,
940 907 1090 986 ineptum,
1108 916 1140 969 et
1151 906 1328 982 molestum,

246 1018 281 1072 ut
299 1011 401 1070 statim
423 1029 514 1072 aures
534 1027 668 1070 errorem
691 1026 820 1088 arguere
841 1007 983 1071 debeant.
1018 1007 1143 1072 Accedit
1164 1007 1250 1090 quod
1268 1011 1334 1074 La-

246 1114 301 1175 tini
323 1113 511 1193 grammatici
533 1112 594 1172 iam
610 1111 761 1172 veriorem
777 1112 856 1172 viam
880 1113 1010 1192 ingressi
1033 1123 1108 1176 sunt
1123 1131 1235 1179 versus
1257 1113 1335 1176 istos

245 1215 456 1278 'choriambicis
486 1215 615 1294 aliisque
645 1216 797 1292 numeris,
832 1233 894 1276 non
921 1217 1118 1296 antispastieo
1145 1217 1241 1278 iactos
1263 1235 1335 1278 esse

247 1320 459 1400 intelligentes,

332 1526 356 1606 ἦ
370 1521 448 1588 212.
474 1526 529 1587 Pes
545 1525 734 1604 antispastus
750 1544 787 1588 ex
802 1524 905 1588 iambo
922 1525 1124 1606 trocbaooque
1145 1530 1335 1608 compositus

247 1640 303 1692 est.
337 1628 424 1692 Vnde
439 1630 518 1691 banc
532 1628 599 1690 eius
615 1646 792 1690 mensuram
807 1647 876 1690 esse
891 1638 1036 1709 apparet:

332 1729 472 1778 uLLu

1143 1780 1157 1822 b

347 1849 457 1882 ww

248 1943 386 2020 Eamque
408 1956 533 2000 manere
554 1957 679 2000 neeesse
702 1946 749 1999 est
771 1938 862 1998 etiam
878 1937 932 1999 ubi
958 1939 1064 2020 plures
1087 1941 1248 2021 antispasti
1271 1963 1333 2006 uno

248 2064 342 2107 versu
363 2045 599 2122 coniunguntur.
633 2041 709 2103 Nam
732 2039 891 2102 ordinibus
912 2040 1073 2121 periodieis
1095 2045 1230 2124 copulari
1245 2049 1332 2109 anti-

247 2149 343 2229 spasti
358 2165 419 2209 non
431 2153 578 2227 possunt:
598 2163 660 2225 quo
675 2145 755 2206 iacto
766 2162 840 2207 sane
852 2142 970 2224 syllaba
984 2165 1096 2227 anceps
1112 2147 1142 2208 in
1156 2149 1246 2228 primi
1259 2159 1333 2212 tan-

249 2263 315 2316 tum
331 2250 493 2331 antispasti
508 2248 593 2311 initio
608 2247 709 2310 locum
725 2246 868 2309 habitura
884 2255 982 2309 esset:

334 2349 625 2400 ῦ.έυυ.όαυ-έυ

248 2459 288 2523 Αι
302 2461 384 2521 enim
399 2459 448 2519 hic
462 2457 522 2519 iam
539 2474 600 2517 non
616 2454 849 2535 antispasticuS,
873 2453 930 2517 sed
945 2454 1168 2519 choriambicus
1184 2453 1333 2525 numerus

249 2565 342 2642 ioret,
370 2562 422 2643 qui
445 2559 587 2638 dactylici
602 2559 722 2640 generis
738 2566 794 2620 est.
829 2557 1023 2638 Omninoque
1041 2578 1111 2621 raro
1126 2561 1233 2642 plures
1248 2567 1333 2627 auti-

249 2666 344 2747 spasti
360 2684 427 2727 sese
443 2664 617 2743 excipiunt,
642 2661 726 2743 quod
747 2662 796 2722 hic
817 2681 966 2724 numerus
983 2661 1151 2726 admodum
1171 2665 1332 2730 molestum

249 2778 280 2831 et
294 2769 509 2830 inconcinnum
521 2767 675 2828 incessum
691 2765 802 2842 habet;
822 2775 858 2827 ut
873 2767 899 2827 si
914 2765 985 2845 quis
997 2765 1080 2828 huno
1094 2768 1333 2834 choriambicum

249 2892 319 2935 oum
335 2870 402 2933 basi
417 2870 683 2950 grammaticorum
699 2887 782 2929 more
797 2869 838 2929 ita
853 2866 988 2930 diuidat:

334 2965 556 3050 κατθνάσκει,
579 2959 747 3054 ΚυΙθέρῆ,
771 2959 875 3051 ἁβρὸς
891 2957 1049 3053 (Ἄδωνις.
1072 2964 1107 3035 τί
1122 2970 1127 3058 Ι
1143 2994 1180 3036 κε
1195 2975 1317 3056 θεῖμεν
1323 3002 1335 3056 ,·

334 3180 359 3263 5
373 3177 450 3245 213.
477 3181 553 3241 Eam
569 3179 763 3260 asperitatem
779 3186 815 3240 ut
828 3140 959 3239 lenirent
974 3187 1098 3258 poetae,
1119 3182 1232 3260 partim
1248 3185 1335 3246 anti-

141 3303 145 3312 “
250 3297 389 3368 spastum
405 3291 560 3348 auxerunt
573 3302 636 3345 una
652 3281 781 3360 syllaba,
800 3299 862 3362 quo
877 3283 1013 3344 nascitur
1027 3281 1202 3365 dochmius,
1221 3288 1333 3368 partim

250 3390 318 3451 aliis
333 3389 470 3452 numeris
486 3387 707 3464 consociarunt,
726 3385 838 3467 partim
853 3386 1020 3448 solutiones
1035 3386 1159 3450 crebras
1174 3387 1332 3453 adhibue-

251 3501 333 3556 runt.
367 3490 538 3554 Anaerusin
560 3490 652 3553 etiam
673 3498 708 3551 ut
722 3489 890 3569 plurimum
906 3489 1035 3551 brevem
1055 3501 1234 3571 servarunt,
1260 3496 1332 3576 quia

251 3598 339 3676 longa
354 3597 386 3656 in
405 3603 468 3656 tam
490 3593 642 3655 imbecillo
664 3611 793 3654 numero
816 3593 918 3654 minus
934 3601 1018 3672 grata
1034 3601 1098 3671 est,
1125 3595 1184 3656 nisi
1208 3595 1332 3676 quidem

251 3685 387 3764 solvatur
401 3717 481 3778 quae
496 3716 565 3758 eam
580 3698 721 3777 sequitur
735 3697 822 3760 arsis.

336 3901 454 3988 5214.
480 3907 580 3968 Rarus
608 3913 656 3965 ost
685 3911 874 3969 monometer
896 3902 1125 3985 antispasticus.
1162 3903 1332 3988 Aeschylus

251 4015 335 4093 Sept.
354 4009 394 4074 ad
411 4008 506 4071 Theb.
529 4009 599 4070 ⁴55.
622 4008 692 4069 ιιι.
1242 4009 1255 4028 ·

337 4099 364 4174 ὦ
386 4101 495 4175 πότνι’
511 4102 611 4195 Ἥρα.

338 4207 457 4306 cipli?
472 4203 652 4280 Ἄπολλον.
698 4261 700 4264 .
