2930 4962
452 387 489 429 nn
505 387 637 430 ursinis
653 388 688 430 ιτ
704 387 889 433 susumus.
1176 371 1216 432 15

125 539 160 598 ln
175 535 336 616 dactylicis
351 542 505 619 numeris,
531 543 558 600 si
581 559 642 603 una
665 541 786 620 syllaba
801 541 909 603 ultimo
924 540 998 622 pedi
1013 541 1117 623 deest,
1144 561 1216 604 ca-

124 639 312 701 talectici
328 641 366 700 in
383 639 639 723 disyllabum
656 655 813 726 vocantur,
833 654 868 707 ιιι

212 743 410 790 ΛΜΝ-ΝΛ]
418 765 426 823 ;

123 849 173 908 sin
189 846 281 926 duae,
300 848 538 912 catalectici
553 850 585 910 iu
601 849 765 930 syllabam,
784 862 820 914 ut

212 949 393 1012 Luc-w„

210 1137 309 1220 547.
352 1141 709 1234 Brachycatalecti
736 1143 898 1223 dicuntur,
929 1164 1061 1225 quornm
1089 1148 1214 1209 ultimae

122 1243 268 1327 dipodiae
284 1245 403 1323 integer
417 1263 474 1323 pes
490 1243 586 1324 deest,
605 1255 641 1309 ut

209 1345 309 1398 uer..
321 1346 326 1430 y
339 1345 435 1394 osc.
448 1344 453 1430 y
465 1346 526 1408 uL,

208 1535 233 1618 5
247 1533 304 1600 48.
336 1537 672 1616 Hypercatalecti
693 1549 852 1619 vocantur,
877 1541 993 1622 quibus
1009 1552 1135 1624 superat
1150 1563 1211 1606 una

125 1639 255 1720 syllaba,
274 1648 310 1702 ιιι

207 1742 305 1789 uls).
319 1740 323 1826 y
336 1743 435 1788 uLv-
448 1740 453 1828 ί
465 1743 589 1791 νέω]

121 1847 243 1920 Quibus
258 1847 301 1924 si,
327 1845 411 1926 quod
425 1845 514 1909 deest
528 1847 568 1910 ad
583 1851 735 1930 integrum
751 1849 880 1930 pedem,
905 1850 1045 1932 additur,
1072 1854 1210 1934 brachy-

123 1951 259 2014 catalecti
273 1953 364 2034 fiunt,

212 2054 305 2102 υέυ-
318 2055 322 2141 y
336 2057 434 2102 υέυ,
448 2056 452 2140 y
464 2054 609 2102 ultr-v..

127 2157 177 2217 Sic
191 2160 267 2220 enim
284 2162 398 2223 rectius
410 2157 639 2238 describuntur,
656 2158 757 2221 tribus
772 2158 907 2239 pedibus
923 2179 984 2222 uno
1000 2161 1106 2224 ordine
1119 2182 1208 2224 eom-

122 2261 292 2343 prehensis,
312 2282 406 2344 quam
422 2283 495 2326 uno.

202 2467 303 2550 549.
344 2471 527 2552 Systema
555 2469 668 2533 dieitur
690 2471 828 2551 plurium
853 2489 999 2534 versuum
1025 2482 1205 2552 perpetuata

114 2575 307 2654 coniunctio,
333 2572 443 2636 iisdem
466 2573 694 2638 conditionibus
716 2572 876 2653 adstricta,
903 2573 1018 2654 quibus
1036 2573 1159 2636 ordines
1175 2577 1206 2635 in

113 2694 243 2738 versum
259 2677 497 2757 coniunguntur.

509 2865 817 2874 Ἣ..-

553 3009 664 3080 cAP.
683 3011 771 3080 VH.

215 3161 268 3230 De
287 3161 422 3233 numeri
441 3161 562 3232 musici
581 3183 661 3232 cum
679 3161 823 3230 metrico
843 3161 1097 3232 coniunctione.

202 3327 296 3412 550.
330 3331 445 3393 Musica
460 3349 558 3411 quum
574 3340 605 3392 et
619 3331 743 3411 plures,
767 3349 859 3410 qnam
876 3329 955 3392 duas
971 3349 1149 3410 mensurae,
1173 3341 1203 3392 et

112 3453 317 3496 numerorum
344 3436 489 3496 maiorem
517 3435 716 3496 vadationem
748 3432 905 3512 admittat,
939 3451 1032 3513 quam
1064 3435 1200 3514 metrica,

113 3557 195 3618 quae
211 3537 253 3599 ad
268 3538 366 3598 solam
381 3539 587 3600 recitationem
604 3555 751 3598 versuum
766 3545 896 3618 spectat,
917 3539 1126 3599 necessarium
1142 3546 1199 3616 est,

114 3659 265 3703 versuum
288 3659 434 3703 numeros
456 3649 549 3703 cantu
571 3640 708 3702 nonnihil
733 3641 867 3712 nurtau'.¹
891 3639 1029 3711 Quarum
1052 3643 1203 3704 mutatio-

113 3763 190 3806 num
206 3742 335 3822 iudicia,
356 3743 571 3806 deficientibus
586 3745 771 3826 scriptorum
787 3763 822 3806 ea
838 3742 878 3805 de
893 3762 927 3804 re
942 3744 1139 3822 testimoniis,
1162 3763 1201 3805 ex

113 3847 181 3928 ipsa
197 3856 367 3909 metrorum
383 3847 636 3926 conformatione,
661 3845 856 3909 difficultates
871 3846 1022 3928 quasdam
1037 3847 1126 3908 aliter
1141 3865 1201 3908 non

114 3947 315 4028 explicabiles
331 3949 550 4030 obiicientinm,
573 3950 767 4030 colliguntur.
800 3951 922 4012 Detecta
937 3960 986 4013 est
1000 3960 1103 4013 autem
1120 3950 1202 4012 huc-

114 4069 216 4132 usque
247 4052 358 4131 triplex
377 4055 508 4114 ·uumeri
535 4055 642 4115 musici
669 4071 740 4115 curn
767 4056 894 4115 metrico
914 4054 1102 4131 coniunctio,
1132 4071 1203 4132 per

115 4173 333 4216 mensuram
363 4158 527 4218 metrica
565 4157 769 4232 maiorem,
811 4173 1091 4235 perpensam,
1132 4173 1203 4236 per

115 4257 436 4338 paracatalngen.
