2922 4948
305 390 340 434 or
357 389 496 434 sraorms
513 389 611 434 rmrn
627 391 661 434 rr
679 391 783 445 orium
799 391 930 437 samnis.
1100 371 1158 436 221

74 545 281 634 lnyeniuntur
298 554 401 606 tamen
417 555 479 622 tres
495 546 641 628 deinceps
657 545 769 628 dactyli
790 548 877 629 Pytb.
896 549 944 609 lV.
963 547 1012 610 bis
1034 549 1064 608 in
1081 557 1166 610 stro-

73 648 157 728 phis,
184 650 286 710 semel
303 650 334 709 in
350 649 474 729 epodis;
500 651 586 712 Nem.
606 653 627 713 l.
649 651 743 712 semel
760 652 790 712 in
806 651 955 732 strophis,
975 651 1071 714 bisin
1087 672 1166 734 epo-

73 751 135 830 ‹lis‚
169 753 204 815 V.
234 755 268 814 in
297 752 404 816 ultimo
430 772 525 816 versu
550 753 730 835 epodorum.
771 756 876 817 lstbm.
899 756 934 818 V.
960 757 991 816 in
1018 756 1160 837 strophis.

72 856 149 926 Quin
180 857 283 918 semel
315 858 407 920 etiam
437 867 583 938 quattuor
612 857 750 937 dactylos
779 860 938 922 coniunxit
970 861 1002 920 in
1031 859 1164 940 strophis

73 959 155 1040 Pytb.
175 961 225 1022 lll.

155 1099 262 1160 Semel
288 1101 380 1162 etiam
402 1100 443 1162 ab
467 1103 642 1182 anapaestis
667 1121 797 1166 exorsus
824 1121 971 1184 paeonem
999 1103 1166 1163 immiscuit

76 1200 127 1262 boc
141 1221 289 1284 numero,
308 1203 356 1266 Ol.
379 1205 436 1268 Vll.
456 1206 488 1266 in
503 1204 612 1286 epodis

154 1340 750 1391 wssw.w.¹w.w...'w-w-

150 1453 291 1542 Ῥόδον,
320 1452 514 1543 εὐθυμάχαν
543 1452 634 1551 ὄφρα
663 1456 831 1549 πελώριον
846 1453 962 1550 Ιἶν’νὸροι
986 1455 1065 1549 παρ’
1089 1458 1163 1525 Ἅλ-

533 1571 621 1654 φειῷ
646 1562 953 1655 στεφανωσάμενον.

154 1705 300 1786 Denique
316 1707 347 1766 in
364 1707 411 1766 bis
428 1707 543 1768 Doricis
559 1707 693 1787 strophis
709 1726 768 1767 non
785 1707 879 1768 dubia
896 1709 987 1769 etiarn
1003 1708 1165 1770 silentii

76 1810 212 1888 exempla
230 1811 444 1890 inveniuntur,
467 1829 527 1871 non
544 1814 622 1891 eius,
646 1812 729 1892 quod
746 1813 853 1873 Graeci
869 1813 977 1873 musici
994 1807 1118 1892 λεῖμμα
1135 1821 1165 1873 et

78 1904 258 1991 σρόςθεοιν
275 1923 403 1993 vocant,
430 1912 513 1993 quod
529 1924 576 1976 est
591 1925 715 1994 tempus
731 1934 805 1976 sono
823 1933 971 1994 vacuum,
997 1915 1053 1976 sed
1069 1915 1160 1995 illius,

78 2033 133 2091 qno
148 2027 261 2080 cantus
278 2017 491 2098 interpellatur
512 2025 604 2098 atque
626 2019 848 2099 aliquantisper
862 2021 1053 2098 conticescit,
1080 2019 1164 2098 quod

80 2122 166 2180 nostri
188 2123 414 2204 perreralpaasc
437 2121 602 2203 appellant.
636 2123 711 2184 Eius
735 2122 798 2184 duo
821 2122 904 2203 apud
923 2121 1087 2184 Pindarum
1110 2123 1164 2184 lu-

79 2223 193 2286 culenta
218 2227 372 2288 babemus
399 2226 558 2307 exempla,
588 2244 685 2288 unum
713 2228 744 2287 in
766 2229 863 2307 prima
892 2225 1009 2305 syllaba
1038 2227 1160 2307 epitriti,

79 2325 203 2390 alterum
227 2332 259 2390 in
285 2329 398 2410 dactyli
421 2331 518 2410 prima
542 2330 671 2408 syllaba.
709 2330 919 2391 Intolerabiles
942 2331 1023 2390 cnim
1046 2339 1160 2409 essent,

79 2428 227 2513 planeque
250 2443 484 2514 corrumperent
504 2435 627 2495 Doricos
650 2451 795 2496 numeros
816 2433 857 2493 ht
869 2451 978 2494 versus
999 2434 1046 2494 Ol.
1066 2434 1113 2492 Vl.
1133 2443 1164 2494 et

82 2531 160 2610 Pytb.
180 2539 232 2600 lX.

159 2677 267 2762 βωμῷ
289 2696 326 2738 τε
347 2668 493 2761 μαντείῳ
515 2670 657 2762 Ardea
678 2669 785 2762 Πίσᾳ,

160 2774 220 2841 σὺν
241 2772 493 2863 βαθυζώνοισιν
515 2771 690 2864 ἀγγέλλων,
832 2771 835 2782 ’

161 2916 426 2965 .-ὐ.’..’.υυ.υ..

161 3018 375 3070 :eL-M...

82 3136 135 3197 nisi
157 3141 279 3204 silentio
302 3142 438 3205 adhibito
460 3145 539 3204 iusta
562 3145 639 3206 ratio
661 3157 831 3226 appareret.
866 3149 979 3212 Versus
1002 3149 1083 3209 enim
1106 3150 1164 3210 isto

84 3237 166 3303 modo
186 3245 336 3326 distingui
358 3248 515 3328 postulant
538 3248 675 3328 syllabae
697 3251 862 3328 ancipites,
889 3253 965 3329 nisi,
990 3252 1074 3330 quod
1090 3271 1164 3312 sane

82 3355 226 3429 praestat,
258 3351 290 3410 in
317 3349 419 3413 medio
440 3369 533 3413 versu
560 3353 715 3413 silentium
738 3353 841 3432 aliquo
867 3355 952 3432 signo
974 3363 1080 3415 notare
1104 3373 1163 3414 vo-

84 3443 190 3512 lumus
224 3454 349 3536 Olymp.
369 3455 416 3518 vl.
436 3455 519 3515 enim
540 3455 571 3516 iu
593 3455 789 3535 stropharum
805 3475 896 3518 versu
912 3459 1019 3535 quinto
1035 3457 1084 3517 hic
1098 3475 1162 3518 nu-

85 3565 181 3616 merus
197 3569 263 3621 est:

164 3678 281 3726 ...ὐ.’-
298 3679 302 3764 Ι
319 3677 516 3727 ,ξω-νων
532 3679 536 3765 Ι
553 3678 648 3726 Lus.
665 3677 669 3764 Ι
686 3677 782 3725 ,ἰν-’.-

87 3799 113 3858 ln
128 3805 211 3888 Pyth.
230 3812 281 3872 lX.
302 3809 498 3888 stropharum
514 3807 651 3871 secundo
666 3818 768 3871 aulem
785 3808 850 3870 hic:

164 3927 259 3978 Διέ-
280 3929 376 3976 Lus.-
394 3928 397 4015 Ι
414 3929 537 3977 :omo
553 3927 558 4014 Ι
575 3929 766 3976 έυυ-υυ.-

85 4051 137 4112 sed
152 4058 305 4122 silentium
323 4061 357 4122 lit
370 4060 418 4120 his
434 4061 464 4120 in
480 4060 568 4120 locis:

166 4179 283 4226 -.’.υ.’-
305 4179 526 4228 .'.w.w-v.'
543 4177 547 4264 Ι
564 4177 725 4225 uL-LuL-

166 4280 259 4330 soz-
281 4281 402 4330 Lus-L
418 4281 422 4368 Ι
438 4281 728 4329 ω.υ.ὐυ.υυ.-
