2922 4948
370 407 406 448 nn
423 407 561 450 srnornrs
579 408 659 450 rnrrn
675 410 710 450 ar
727 411 847 452 sucrum
864 411 994 456 crunnus.
1166 395 1227 458 213

227 557 343 640 5584.
379 561 442 624 Sed
456 561 507 624 hic
521 562 597 642 sibi,
624 566 735 645 partim
754 572 791 626 ut
806 566 901 646 magis
918 567 1069 629 masculos
1085 565 1229 631 redderet

142 683 298 744 numeros,
318 666 430 744 partim
446 670 596 730 sermonis
610 669 709 730 Latini
724 667 937 731 commoditate
951 669 1117 750 adductus,
1134 691 1229 734 seve-

141 788 207 829 ram
223 767 296 830 fecit
310 769 418 849 legem,
434 779 470 833 ut
484 770 633 852 longiores
646 791 754 836 versus
766 792 890 854 semper
901 773 942 834 ab
956 775 1078 855 epitrito
1093 774 1229 838 secundo

139 873 307 952 inciperet,
333 891 492 936 caesuram
508 883 612 937 autem
628 875 741 938 iaceret
756 878 787 938 in
802 879 901 958 prima
916 877 1046 960 dactyli,
1073 878 1228 942 interdum

140 977 234 1039 etiam
250 978 281 1038 in
297 975 435 1040 eiusdem
451 977 539 1058 pedis
554 978 690 1043 secunda
706 980 842 1062 syllaba:

229 1091 343 1172 inteper
357 1091 437 1153 vitae
452 1127 472 1137 -
488 1091 668 1174 scelerisque
678 1111 797 1175 purus:

228 1195 364 1258 Mercuri
376 1194 506 1275 secunde
521 1229 540 1240 -
557 1215 647 1278 nepos
661 1193 799 1260 Atlantis.

140 1317 180 1376 Et
201 1315 260 1376 hae
282 1333 409 1378 caesura
430 1315 557 1397 quidem
580 1336 660 1397 quae
684 1319 715 1387 in
738 1329 823 1381 sexta
845 1319 965 1399 syllaba
981 1328 1044 1399 est,
1071 1323 1102 1382 in
1118 1331 1229 1402 quarto

138 1419 219 1480 libro
239 1419 418 1498 saepissime
438 1439 510 1484 eum
531 1440 624 1484 usum
641 1420 799 1502 videmus,
826 1442 923 1504 quum
943 1443 1011 1486 eam
1027 1425 1059 1486 in
1073 1425 1249 1505 prioribus·

140 1522 228 1584 libris
245 1541 313 1584 raro
328 1523 512 1587 admisisset.

227 1691 342 1774 §585⁸
381 1697 415 1758 ln
441 1697 604 1778 tragoediis
627 1699 761 1761 Senecae
783 1700 948 1783 adscriptis
970 1703 1061 1764 etiam
1085 1703 1229 1782 strophae

140 1819 178 1860 ex
202 1799 345 1880 pluribus
367 1793 462 1882 quam
484 1801 584 1864 tribus
605 1803 766 1884 Sapphicis
795 1804 954 1884 versibus,
985 1815 1021 1868 ut
1046 1825 1085 1868 ex
1112 1808 1228 1868 octonis

139 1903 280 1965 subiecto
295 1903 408 1966 deinde
423 1902 553 1984 adonio,
572 1907 783 1970 inveniuntur.
811 1907 872 1970 Sed
893 1909 922 1970 hi
939 1927 1049 1988 parum
1066 1929 1229 1972 commen-

41 1997 45 2004 ’
140 2007 237 2070 dandi
252 2007 340 2070 lusus
356 2018 439 2072 sunt.

225 2178 343 2263 §58o
377 2181 537 2264 Secunda,
563 2203 657 2264 quam
680 2185 853 2246 accuratius
875 2184 1061 2248 considerari
1076 2195 1223 2266 oporteat,

139 2286 263 2366 stropha
279 2284 372 2348 Alca
382 2287 438 2348 ica
459 2297 516 2349 est.
551 2289 626 2350 Eius
642 2287 704 2350 duo
719 2289 810 2369 primi
825 2307 935 2352 versus
951 2290 1008 2352 hoc
1023 2299 1120 2353 metro
1134 2299 1223 2354 sunt:

224 2391 347 2444 &Losa
363 2395 368 2482 1
386 2392 535 2446 aomo&

138 2511 247 2573 tertius
262 2511 338 2572 hoc:

224 2615 348 2670 νίν-ὖ
364 2619 369 2708 Ι
386 2617 483 2670 ,Συ-ὗ

138 2746 269 2816 quartus
284 2736 343 2798 hoc
353 2757 370 2806 ε,

225 2845 478 2910 :commo

137 2962 215 3036 Nam
231 2962 382 3024 elementa
398 2964 497 3028 totius.
506 2966 734 3044 compositionis
749 2975 823 3026 sunt
838 2965 870 3026 hi
885 2963 1026 3028 ordines:

225 3073 374 3120 ,ζυυ-υυ
529 3074 626 3122 ,ἂψ-υ

138 3187 302 3266 quivariis
324 3187 423 3249 modis
446 3189 526 3250 inter
547 3209 580 3250 se
604 3191 698 3252 iuncti
714 3189 790 3250 haec
806 3199 902 3250 metra
924 3190 1146 3270 praebuerunt.
1181 3189 1227 3249 Ex

138 3310 200 3370 quo
223 3300 366 3370 apparet,
392 3291 483 3371 plane
499 3292 578 3370 salli,
604 3293 658 3372 qui
681 3291 759 3353 duos
781 3293 898 3372 priores
915 3310 1024 3353 versus
1040 3293 1070 3354 in
1087 3290 1227 3352 ordinem

138 3392 349 3474 logaoedicum
365 3395 449 3454 exire
470 3395 530 3456 sibi
545 3403 782 3475 persuaserunt,
808 3414 870 3476 quo
892 3413 1014 3456 omnem
1031 3403 1226 3456 venustatem

139 3516 339 3559 numerorum
367 3496 523 3578 perditum
550 3499 586 3560 iri
612 3517 737 3560 necesse
763 3497 849 3559 soret.
890 3499 930 3560 Et
960 3497 1077 3558 metrici
1103 3516 1226 3578 quoque

140 3611 261 3662 veteres
277 3617 430 3662 consensu
446 3600 571 3664 duobus
593 3599 722 3680 dactylis
744 3601 902 3662 terminari
924 3600 979 3662 hos
995 3619 1105 3686 versus
1124 3599 1228 3663 tradi-

140 3703 265 3767 demunt.

226 3873 344 3957 5587.
378 3877 512 3938 Gaesura
528 3895 567 3938 ne
586 3878 617 3939 hi
632 3875 758 3956 quidem
775 3895 885 3939 versus
906 3876 1100 3958 indigebant,
1125 3875 1181 3937 sed
1201 3879 1227 3938 si

140 4001 204 4062 qua
219 3980 358 4042 iacienda
374 3989 451 4058 erat,
466 3980 668 4043 conveniebat
682 3982 713 4042 in
726 3982 787 4044 line
801 3980 945 4044 ordinum
961 4001 1028 4043 eam
1041 3999 1120 4042 esse.
1147 3982 1229 4042 Fecit

79 4125 83 4132 -
140 4104 302 4148 caesuram
319 4085 514 4164 negleximus
529 4082 676 4146 Alcaeus:

228 4189 280 4258 ὕει
301 4189 364 4275 μὲν
385 4187 401 4256 ἱ
425 4188 523 4273 Ζεύς,
546 4190 580 4258 ἐν
602 4186 634 4258 d’
656 4186 767 4279 ὀρανῷ
781 4190 892 4278 μέγας

228 4292 369 4382 χειμών·
391 4285 583 4382 πεπάγασιν
605 4289 634 4360 δ’
655 4292 787 4362 ὑδάτων
808 4291 895 4384 ῥοαί.
