2896 4960
301 384 343 448 88
682 403 738 450 ιιι.
759 404 790 448 ιι.
825 403 887 448 cua.
906 403 981 448 mv.

300 559 333 618 in
348 557 460 622 Phoen.
481 559 553 622 806.
574 557 647 622 807.
668 557 740 621 88λ.
761 559 833 622 828.
852 556 903 620 ed.
922 557 1026 636 Pons,
1051 555 1105 620 ubi
1127 555 1192 620 bini
1208 553 1362 622 huiusmodi

301 678 410 722 versus
425 662 457 722 in
473 679 571 724 unum
586 660 799 726 hexametrum
816 659 1033 740 coniungendi.

384 898 507 983 5294.
548 905 791 966 Tetrameter
824 903 1086 964 catalecticus
1116 904 1153 965 in
1185 899 1361 982 syllabam

300 1005 384 1087 apud
399 1005 578 1072 Alcmenen}
593 1008 764 1070 invenitur:

384 1128 491 1190 ταῦτα
505 1122 566 1208 μὲν
581 1119 628 1203 ὡς
642 1117 683 1190 ἂν
698 1119 718 1190 δ
734 1124 839 1214 δῆμος
853 1120 954 1201 ἅπας.

305 1249 342 1312 Et
356 1247 441 1330 apud
455 1247 567 1311 Aesch.
587 1249 697 1330 Suppl.
719 1247 791 1310 558.
812 1250 883 1310 584.

386 1361 499 1431 πολλὰ
513 1371 643 1453 βροτῶν
658 1363 909 1450 διαμειβομένα.

389 1465 585 1559 Παμφύλων
599 1492 635 1535 τε
650 1467 855 1556 διορνυμένα.

300 1593 445 1674 Spondeo
461 1595 492 1654 in
508 1593 566 1654 hoc
581 1595 739 1655 excusatio
753 1602 801 1655 est
816 1592 856 1654 ab
872 1593 996 1656 nomine
1010 1593 1144 1674 proprio.

388 1831 505 1916 5295.
529 1831 1363 1916 Tetrametercatalecticusindisyllabum

302 1937 483 2002 Archilocho
498 1947 668 2021 usurpatus
683 1941 715 2002 in
729 1935 854 2021 epodis:

387 2052 591 2149 φαινόμενον
605 2053 707 2123 κακὸν
722 2050 831 2123 οἴκαδ’
848 2047 1005 2144 &ysaiae
1414 2009 1416 2130 λ

389 2295 552 2383 &capelle
564 2295 727 2388 χαρίεσσα
741 2298 880 2382 χελιδοῖ.

302 2183 346 2243 Eo
361 2200 454 2245 versu
469 2184 585 2264 integra
602 2183 737 2244 carmina
752 2177 889 2246 condidit
898 2180 1074 2244 Anacreon:

388 2543 505 2629 3296.
533 2549 777 2608 Tetrametro
802 2545 1020 2610 acatalecto
1043 2555 1074 2608 et
1095 2547 1225 2612 seorsim
1247 2544 1293 2609 usi
1312 2543 1364 2604 sunl

304 2651 417 2714 scenici
431 2659 557 2732 poetae,
584 2651 625 2712 ita
649 2660 683 2712 ut
696 2658 823 2731 propter
836 2648 977 2711 ultimam
992 2649 1156 2730 ancipitem
1178 2653 1270 2718 ctiam
1285 2641 1364 2709 Croti·
1414 2645 1415 2698 l

302 2773 374 2817 cum
404 2756 435 2816 in
465 2755 526 2816 line
556 2755 627 2832 poni
659 2754 780 2832 liceret,
809 2761 845 2814 ut
867 2752 960 2832 Soph.
986 2751 1060 2820 Phll.
1086 2751 1158 2814 886.
1190 2753 1249 2814 nisi
1271 2738 1363 2832 olym
1414 2745 1415 2750 ’

304 2857 443 2938 scripsit:

387 2967 461 3037 ὅτιν’
480 2966 600 3049 ὀδύνας
614 2965 731 3061 δδαής,
749 2967 834 3036 δπνε
850 2963 880 3036 δ
897 2963 1034 3058 ἀλγέων,

305 3107 336 3159 et
349 3098 382 3158 in
399 3106 534 3178 systema
557 3096 690 3158 collectis
708 3094 869 3176 pluribus,
895 3115 1024 3158 nomem
1038 3104 1238 3180 perpetuato,
1263 3103 1296 3156 ut
1308 3085 1359 3154 ut
1413 3155 1414 3180 ρ

305 3220 376 3263 mus
392 3217 448 3283 pes
462 3219 524 3261 non
547 3200 607 3261 nisi
629 3208 683 3260 aut
703 3198 845 3279 dactylus
867 3209 921 3261 aut
936 3199 1093 3280 spondeus
1109 3219 1178 3262 esse
1193 3205 1304 3281 posset.
1331 3187 1362 3248 Sil
1413 3183 1414 3260 l

304 3307 366 3368 iam
391 3305 493 3384 lyrici,
524 3313 559 3364 ut
579 3301 725 3382 Alcman,
755 3303 810 3382 qui
835 3312 914 3366 totas
937 3303 1078 3384 strophas
1101 3304 1158 3366 hoe
1180 3311 1277 3364 metro
1297 3308 1362 3358 com·

304 3409 423 3488 posuit:

391 3517 503 3605 Muio',
524 3516 600 3611 ὅγε,
623 3519 816 3606 Καλλιόπα,
836 3521 983 3614 θύγατερ
1002 3521 1097 3605 Διός,

391 3619 463 3713 δίρχ’
485 3622 610 3714 ἐρατῶν
632 3624 757 3708 ἐπέων.
781 3623 841 3694 ἔπι
856 3622 886 3693 δ’
903 3629 1017 3715 ἵμερον

389 3727 481 3817 δμνῳ
502 3728 561 3797 καὶ
581 3725 736 3817 χαρίεντα
758 3725 852 3796 τίθει
865 3728 975 3819 χορόν.

306 3874 424 3954 Tragici
446 3871 615 3952 comicique
638 3871 669 3931 in
692 3870 920 3952 antistrophieis
941 3871 1103 3957 diligenter
1124 3887 1291 3962 exaequare
1310 3860 1362 3925 sil*

306 3976 394 4058 gulos
408 3974 505 4058 pedes
521 3974 630 4052 solent,
649 3982 685 4036 ut
700 3972 821 4055 dactylo
837 3972 989 4054 dactylus,
1009 3975 1147 4056 spondeo
1162 3973 1309 4059 spondeus
1322 3975 1361 4022 rt*
1410 3978 1412 4054 l

307 4077 467 4162 spondeat.
501 4077 638 4140 Catalexi
653 4085 857 4158 systematum
879 4095 963 4140 nunc
982 4077 1132 4158 dactylica
1154 4081 1186 4142 in
1201 4068 1361 4157 disyllabum
1411 4073 1412 4111 ³

307 4191 448 4260 utuntur,
460 4199 552 4244 «nunc
566 4181 645 4244 alius
660 4183 781 4262 genens
796 4199 921 4244 versum
936 4183 1116 4245 continuant
1129 4199 1256 4246 numano
1269 4174 1360 4242 damy-

307 4285 382 4363 lico‚
409 4303 492 4348 nuuc
513 4284 645 4364 abrupto
667 4283 818 4365 dactylico
841 4303 987 4364 numero,
1011 4284 1067 4349 sed
1087 4296 1124 4348 ut
1144 4285 1297 4366 ancipitem
1315 4283 1360 4330 θ’
