2896 4960
276 359 338 424 148
649 377 705 420 rra.
725 377 757 418 rr.
784 376 846 420 car.
865 373 984 418 xxxvru.

276 534 463 595 Tetrametro
480 531 654 593 catalectico
669 548 746 591 usus
760 528 951 608 Phrynichus
967 528 1116 608 tragicus:

361 633 402 707 τό
423 663 459 726 γε
479 636 544 728 μὴν
566 633 671 718 ξείνια
693 633 828 720 δούσας,
851 633 950 725 λόγος
971 633 1081 722 ὥςπερ
1103 633 1244 722 λέγεται,

362 737 489 825 ὀλέσαι,
509 736 715 825 κᾶπατεμεῖν
737 735 811 822 ὀξέϊ
827 739 942 827 χαλκῷ
963 733 1123 830 nequicie.

276 859 316 920 Et
330 859 519 938 Phrynichus
535 859 685 921 comicus:

362 960 383 1032 li
407 962 437 1033 δ’
459 961 586 1054 ἀνάγκα
611 960 680 1034 ’σθ’
704 962 848 1054 ἱερεῦσιν
869 960 1072 1052 καθαρεύειν
1093 959 1275 1054 epsicopum.
1326 1003 1328 1010 ,

302 1229 305 1234 .
360 1177 384 1260 ἦ
398 1175 477 1244 431.
504 1179 604 1258 Lyrici
618 1177 806 1258 antiquiores
821 1183 988 1258 systemata
1003 1174 1143 1236 lecerunt
1158 1171 1269 1253 Ionica,
1284 1189 1350 1252 quos

275 1285 413 1345 imitatus
439 1280 581 1345 Horatius
607 1283 655 1343 ΙΙΙ.
677 1283 726 1343 lh.
752 1280 860 1342 decem
884 1279 981 1360 pedes
1007 1279 1124 1340 Ionicos
1149 1296 1212 1339 una
1239 1275 1350 1356 stropha

275 1405 401 1466 unoque
416 1395 584 1468 systemate
600 1384 850 1470 comprehendit;

364 1500 546 1560 miserarum
561 1505 614 1575 cst,
633 1515 728 1578 aeque
744 1498 844 1558 amori
856 1495 932 1558 dare
947 1494 1060 1574 ladem,
1078 1511 1173 1575 aeque
1188 1493 1276 1555 dulei

364 1601 447 1663 mola
463 1602 531 1664 vino
547 1599 659 1676 lovere,
679 1607 733 1662 out
747 1599 927 1662 emomioori
940 1603 1099 1660 metuentes

358 1712 491 1784 patruae
505 1703 635 1766 verbera
652 1703 783 1784 linquae.

277 1818 353 1878 Eam
369 1817 534 1894 rationem,
553 1814 776 1894 Hephaestione
791 1822 887 1894 teste,
909 1813 1082 1894 praeiverat
1096 1809 1230 1874 Alcaeus
1247 1812 1279 1872 in
1294 1809 1349 1871 illo:
1421 1840 1422 1847 κ

362 1921 421 2008 ἐμὲ
443 1918 567 2007 δειλόν,
594 1919 654 2006 ἐμὲ
675 1927 789 1990 πασᾶν
810 1919 1001 1988 canocelam
1024 1918 1237 2003 readeyoeuuv.
1421 1908 1422 1913 ¹

276 2041 320 2102 De
336 2041 519 2121 tragicorum
535 2047 566 2101 et
581 2040 766 2102 comicorum
782 2039 958 2119 systematis
973 2055 1040 2119 cap.
1060 2055 1126 2117 seq.
1146 2035 1279 2099 dicetur.

628 2373 742 2442 cAP.
761 2369 991 2443 xxxvm

487 2523 548 2596 De
574 2519 779 2600 versibus
805 2523 1144 2596 Anacreonteis.

362 2693 478 2778 5432.
515 2696 665 2759 Versus
690 2693 991 2758 Anacreontcos
1017 2693 1175 2774 nonnulli,
1206 2696 1240 2756 in
1267 2693 1353 2773 iisque

276 2801 314 2864 M.
333 2803 437 2880 Varro,
459 2801 576 2861 Ionicos
592 2818 609 2861 a
625 2799 732 2860 maiori
747 2817 815 2862 esse
831 2801 1056 2879 existimarunt,
1083 2806 1119 2861 ut
1133 2798 1229 2861 reiert
1246 2801 1354 2860 Teren-

276 2905 378 2965 tianus
392 2905 516 2965 Maurus
531 2922 562 2982 p.
576 2901 670 2963 illl.
690 2910 862 2983 propterea,
879 2902 964 2982 quod
978 2901 1086 2964 eodem
1101 2920 1232 2965 numero
1251 2903 1351 2976 essent,

276 3024 338 3087 quo
359 3006 511 3068 finiuntur
525 3003 658 3066 Sotadei.
691 3005 849 3084 Carmina,
876 3023 956 3084 quae
978 3005 1067 3067 hodie
1082 3003 1286 3068 Anacreontis
1304 3022 1354 3065 no-

275 3110 358 3171 mine
374 3095 649 3188 circumferuntur,
672 3126 805 3188 quorum
819 3109 1006 3188 paucissima
1021 3107 1168 3172 videntur
1182 3105 1353 3170 Anacreon·

275 3215 315 3276 tis
333 3233 416 3293 esse,
442 3213 591 3294 pleraque
613 3212 710 3282 multo
733 3212 953 3296 recentiorum,
982 3211 1136 3292 quaedam
1158 3212 1253 3274 ctiam
1274 3211 1353 3294 plane

275 3318 488 3402 imperitorum
511 3316 669 3378 hominum
692 3325 782 3396 sunt,
813 3316 943 3397 multam
965 3315 1178 3397 praebuerunt
1200 3307 1352 3378 dubitandi

275 3421 444 3488 materiam.
476 3418 521 3480 Ac
536 3437 645 3500 magna
660 3438 733 3500 pars
749 3420 859 3483 horum
876 3420 1058 3499 carminum,
1083 3437 1163 3500 quae
1177 3420 1267 3500 puris
1282 3421 1352 3480 iam-

275 3523 326 3585 bis
342 3532 470 3604 constat,
486 3524 543 3603 his,
559 3542 621 3586 non
636 3524 746 3586 Ionicis
761 3522 994 3586 adnumeranda
1006 3532 1062 3584 est.
1089 3525 1133 3585 Ea
1149 3524 1234 3585 hunc
1248 3522 1353 3585 habent

276 3644 457 3689 numerum:
1194 3630 1198 3636 '

364 3722 536 3776 &Lux-‘0

363 3825 457 3896 θέλω
479 3827 586 3916 λέγειν
606 3825 789 3917 Ἀτρείδας.

173 3968 176 3975 ·
278 3944 322 4006 Ea
338 3953 452 4024 autem,
471 3964 553 4026 quae
569 3965 641 4008 vere
656 3948 755 4008 Ionica
772 3956 855 4027 sunt,
871 3947 993 4011 dimetri
1009 3957 1083 4012 sunt
1098 3947 1192 4012 ionici
1207 3969 1224 4012 a
1241 3941 1348 4025 minori,

279 4046 435 4111 anaclasin
450 4049 635 4129 plerumque
649 4047 815 4113 hahentes:

362 4150 461 4223 tau-‘5
526 4151 624 4198 vul..

363 4249 463 4300 υυέῦ
527 4249 623 4302 ij
