2922 4948
233 381 295 442 260
628 399 684 440 mn.
705 399 748 440 ru.
776 398 838 441 err.
857 398 921 442 xxv.

320 545 440 634 λέκτρα
461 571 499 614 τε
521 543 679 637 Κρήσσας
700 543 864 633 Arpinas
886 541 979 614 δολί-

320 675 361 730 ας
382 647 529 718 δολίοισι
552 648 683 738 γάμοις,
706 647 748 717 τὰ
770 645 966 716 πανύστατα
988 644 1018 715 d'
1062 717 1088 730 „

320 750 370 832 εἷς
392 751 451 837 ἐμὲ
472 753 531 821 καὶ
553 750 686 842 γενέταν
707 750 786 836 ἐμὸν
810 739 917 842 ἤλυθε
958 775 978 808 ⁴

406 853 665 924 πολυστόνσισιν
687 851 799 940 δόμων
821 850 988 944 ἀνάγκαις.

320 1065 436 1150 5716.
469 1069 607 1148 Magnam
621 1086 696 1130 vero
710 1067 921 1130 difficultatem
943 1067 1059 1128 hahent
1081 1061 1326 1151 σαραμσιό-

234 1189 414 1259 στροφα,
444 1189 576 1253 quorum
600 1171 675 1232 haee
702 1172 777 1234 ratio
803 1179 865 1250 est,
894 1179 930 1232 ut
951 1169 1112 1250 strophae,
1141 1191 1179 1232 ex
1206 1171 1327 1252 quibus

235 1283 391 1356 constant,
411 1293 473 1338 non
488 1284 569 1338 totae
584 1275 644 1338 sihi
658 1273 848 1354 exaequatae
863 1274 925 1337 sint
933 1319 941 1352 ‚
961 1272 1017 1336 sad
1030 1291 1070 1334 ex
1085 1282 1172 1354 parte
1187 1292 1326 1355 respon-

237 1378 349 1458 deant,
374 1397 414 1440 ex
430 1387 517 1461 parte
532 1397 593 1440 non
608 1378 824 1460 respondeant.
856 1378 896 1440 Et
917 1395 1013 1458 quum
1029 1376 1162 1458 ubique,
1190 1377 1244 1438 uhi
1266 1397 1327 1439 re-

236 1482 417 1570 sponsiones
432 1481 717 1562 animadvertimus,
742 1483 841 1562 primo
856 1479 1026 1546 debeamus
1041 1478 1080 1541 de
1096 1481 1327 1561 antistrophiois

235 1584 456 1666 investigandis
471 1586 615 1667 oogitare‚
640 1603 732 1666 saepe
747 1585 797 1646 vel
813 1583 986 1666 impeditior
1000 1583 1195 1664 stropharum
1212 1583 1329 1665 dispo—

238 1690 324 1769 sitio,
356 1689 407 1749 vei
432 1688 559 1752 lacunae
584 1706 620 1750 ao
644 1685 793 1766 mendae,
827 1686 941 1766 quihus
967 1687 1057 1765 plena
1084 1695 1158 1748 sunt
1182 1696 1329 1750 veterum

236 1800 398 1873 poetarum
419 1793 549 1873 scripta,
576 1789 716 1852 fraudem
731 1789 832 1850 facere
847 1799 995 1872 possunt5
1007 1797 1054 1851 ‘ut
1069 1789 1159 1852 modo
1174 1791 1329 1852 antistro-

236 1895 326 1977 phioa
342 1913 409 1958 esse
424 1903 584 1976 putemus,
608 1911 687 1974 quae
703 1893 989 1974 paromoeostropha
1005 1905 1094 1972 sunt,
1120 1892 1210 1955 modo
1225 1913 1328 1974 paro-

238 1998 450 2079 moeostropha
466 1996 641 2077 videantur,
660 2015 740 2076 quae
755 1997 972 2078 antistrophioa
988 1995 1123 2060 inerunt.

322 2201 445 2285 5717.
481 2203 526 2266 Ao
550 2222 612 2266 non
638 2221 748 2285 parum
775 2213 867 2285 auget
891 2204 971 2268 hane
995 2202 1207 2268 difficrdtatem
1231 2202 1324 2286 iilud,

237 2307 321 2389 quod
343 2309 439 2370 multa
463 2308 597 2369 earmina
618 2307 730 2388 partim
753 2307 986 2388 antistrophioa,
1011 2308 1122 2388 partim
1138 2326 1328 2390 paromoeo-

237 2411 361 2492 stropha
383 2419 473 2490 sunt,
494 2420 527 2473 ut
549 2429 640 2491 saepe
660 2410 766 2472 incerti
790 2409 987 2489 haereamus,
1014 2420 1134 2492 utrum,
1161 2429 1240 2492 quae
1264 2409 1327 2473 sihi

236 2533 297 2575 non
319 2521 459 2575 accurate
480 2512 683 2594 respondent,
709 2531 764 2595 pro
783 2515 1095 2596 paromoeostrophiS,
1121 2533 1162 2576 an
1176 2533 1232 2594 pro
1249 2534 1326 2576 eor-

236 2618 337 2700 ruptis
352 2615 495 2680 habenda
511 2617 582 2681 sint.
1205 2645 1206 2650 κ

322 2815 438 2903 9718.
472 2823 629 2886 Praeterea
650 2822 909 2904 interpellationes
930 2823 1124 2904 stropharum
1143 2825 1174 2888 iu
1189 2824 1247 2887 hoe
1262 2845 1324 2906 ge-

238 2943 312 2987 nere
327 2925 504 3006 frequentes
520 2934 608 3004 sunt,
636 2944 716 3006 quae
738 2944 800 2988 non
820 2935 951 3006 possunt
974 2944 1034 2986 non
1056 2927 1325 3008 impeditissimam

238 3027 367 3090 reddere
388 3029 636 3091 constitutionem
659 3029 765 3092 talium
782 3029 970 3091 carminum:
997 3038 1032 3090 ut
1053 3032 1174 3092 nonsit
1195 3032 1320 3112 mirum,

238 3134 264 3194 si
280 3132 385 3195 multis
401 3131 433 3193 in
449 3132 521 3194 loeis
536 3151 597 3194 non
613 3132 816 3212 inveniamus,
832 3131 916 3212 quod
930 3151 985 3213 pro
996 3142 1078 3196 nerto
1093 3132 1200 3196 haberi
1216 3143 1320 3216 queat.

323 3334 440 3420 5719.
472 3341 610 3420 Denique
631 3341 698 3402 aliis
712 3339 743 3400 in
759 3335 947 3402 carminibus
968 3340 1019 3402 lex
1035 3329 1188 3421 quaedam
1203 3350 1235 3403 et
1249 3341 1322 3404 ordo

238 3443 434 3524 stropharum
448 3443 619 3524 invenitur,
645 3445 677 3504 in
691 3442 759 3504 aliis
774 3449 878 3504 autem
893 3442 1009 3504 nullam
1024 3443 1124 3524 legem
1139 3444 1322 3525 nullumque

239 3544 376 3608 ordinem
391 3545 581 3628 deprehendi
596 3545 675 3625 lieet,
699 3546 883 3625 omninoque
899 3555 962 3608 tarn
977 3548 1066 3633 varia
1077 3556 1125 3610 est
1138 3565 1323 3628 paromoeo-

159 3661 163 3669 ·
239 3649 433 3729 strophorum
457 3651 549 3730 ratio,
574 3659 610 3712 ut
632 3667 755 3730 quoque
777 3649 809 3712 in
831 3650 966 3712 carmine
983 3651 1020 3712 'et
1034 3651 1197 3730 sagacitate
1213 3669 1321 3732 magna

239 3761 270 3812 et
285 3750 437 3832 diligentia
453 3771 531 3833 opus
547 3753 602 3832 sit,
628 3753 670 3832 si,
695 3750 779 3832 quod
794 3750 954 3842 prohabile
969 3751 1065 3816 videri
1080 3754 1193 3840 possit,
1216 3771 1321 3816 eruere

240 3855 327 3916 veiis.

326 4056 447 4138 §72st
484 4061 518 4120 in
538 4060 720 4126 universum
743 4071 853 4126 natura
875 4063 1320 4154 permaneo-stropharum

240 4161 272 4222 in
288 4181 323 4222 eo
338 4172 385 4223 est
399 4163 512 4244 posita,
525 4201 526 4206 κ
538 4173 573 4226 ut
587 4165 730 4246 strophae
753 4166 812 4228 sibi
832 4185 893 4226 non
915 4173 1009 4245 totae,
1028 4165 1085 4228 sed
1106 4185 1145 4228 ex
1163 4176 1267 4248 parte,
1293 4175 1322 4226 et

241 4263 366 4340 quidem
395 4265 577 4347 plerumque
600 4278 654 4330 aut
680 4268 772 4330 initiis
799 4277 853 4330 aut
874 4267 958 4330 exitu
981 4267 1196 4349 respondeant.
1236 4267 1323 4343 Quod
