2896 4960
289 320 347 382 124
681 337 736 381 ma.
757 337 789 380 u.
809 339 871 380 aar.
889 337 966 380 xxxi.
1049 343 1054 352 ·

284 493 379 554 ticum
393 511 456 554 non
471 491 562 553 modo
577 491 757 571 admittunt,
782 491 945 572 sedsaepe
961 490 1024 552 fere
1040 492 1094 552 toti
1110 506 1219 552 versus
1236 509 1277 552 ex
1290 507 1363 570 pro-

286 596 508 658 celeusmaticis
519 605 673 675 constant;
693 596 768 658 alibi
783 605 887 657 autem
901 594 965 656 lere
981 613 1021 656 ax
1034 593 1106 656 solis
1121 592 1267 674 spondeis
1280 611 1365 654 com-

284 707 458 780 ponuntur3
479 718 664 780 caesura,
684 698 768 781 quod
784 699 860 761 haec
874 719 936 761 non
951 699 1042 760 modo
1057 706 1158 778 potest
1171 697 1293 778 negligi,
1313 695 1364 758 scd

254 879 256 882 Ι
284 821 376 883 saepe
399 802 438 864 de
463 802 614 866 industria
636 803 814 883 negligitur3
845 805 1145 884 perpetuitate,
1175 798 1258 882 quod
1285 819 1365 864 non-

284 926 455 987 numquam
477 906 526 967 vel
548 908 712 969 cohaerent
733 926 804 977 cum
827 907 894 968 aliis
913 908 1065 986 numeris,
1092 905 1143 968 vel
1157 903 1197 966 ab
1213 904 1251 965 iis
1267 905 1365 964 inter-

283 1009 447 1090 pellantur,
463 1030 499 1072 ac
509 1030 548 1072 ne
563 1011 622 1091 ipsi
634 1010 760 1090 quidem
776 1011 959 1090 anapaestici
971 1029 1080 1074 versus
1092 1017 1176 1070 tanta
1189 1007 1361 1086 severitate,

283 1122 320 1176 ut
333 1114 476 1194 legitimi,
503 1113 636 1194 copulati
651 1121 738 1189 sunt;
765 1132 841 1175 usu
862 1113 1124 1194 paroemiaci,
1151 1110 1236 1190 quod
1251 1110 1293 1172 ab
1313 1111 1364 1171 hoc

284 1217 375 1278 etiam
390 1218 512 1278 initium
528 1217 592 1276 lieri
607 1224 721 1296 potest,
749 1218 900 1296 multique
922 1237 1014 1298 saepe
1034 1215 1215 1298 paroemiaci
1232 1215 1362 1276 continui

283 1329 456 1400 ponuntur;
468 1403 469 1408 ἵ
480 1320 655 1383 catalexi
674 1319 818 1401 denique,
838 1321 922 1401 quod
937 1341 998 1383 non
1014 1328 1129 1382 certam
1144 1318 1261 1380 habent
1276 1318 1362 1380 clau-

284 1424 395 1499 sulam,
421 1421 476 1486 sed
493 1441 575 1486 nunc
589 1443 662 1504 uno,
687 1443 771 1486 nunc
786 1425 929 1505 pluribus
944 1424 1156 1508 paroemiaois,
1177 1422 1253 1484 alibi
1268 1421 1355 1502 nullo,

284 1526 358 1588 alibi
373 1527 464 1588 etiam
480 1527 538 1588 alio
554 1547 682 1589 numero
698 1530 911 1592 terminantur.

369 1780 483 1866 5375.
517 1785 724 1866 systematum
747 1805 809 1848 non
831 1789 1047 1866 legitimorum,
1073 1785 1129 1848 sed
1150 1804 1212 1846 non
1232 1785 1358 1848 multum

282 1910 300 1950 a
327 1890 467 1970 legitimis
492 1888 719 1969 recedentium,
751 1890 809 1951 hoc
835 1892 875 1953 sit
901 1892 1088 1969 exemplum.
1137 1889 1230 1970 Soph.
1262 1887 1355 1969 Antig.

284 1995 355 2054 929.
376 1993 431 2054 uhi
451 1994 584 2073 primum
600 2003 734 2074 systema
751 1995 921 2076 stropham,
946 1995 1169 2074 antistropham
1185 2002 1215 2056 et
1231 1993 1357 2076 epodum

285 2097 427 2158 continet.
865 2108 868 2113 ·
920 2089 923 2098 ’

366 2218 410 2280 Χ.
434 2209 484 2282 dn
505 2218 570 2281 τῶν
592 2207 700 2280 αύτιῦν
723 2201 850 2299 ἀνέμων
872 2214 972 2304 ῥιπαὶ
1249 2238 1317 2304 στρ.

367 2313 463 2404 τήνδε
484 2310 511 2404 μ’
539 2313 677 2400 ἔχουσιν.

369 2425 437 2486 ΚΡ.
461 2416 576 2508 τοίγαρ
599 2419 725 2487 τούτων
747 2423 854 2486 τοῖσιν
877 2412 1013 2510 ἄγουσιν

366 2518 535 2608 κλαύμαθ’
558 2519 701 2612 ὑπάρξει
722 2524 927 2612 βραδυτῆτος
947 2521 1043 2612 ύπερ.

367 2633 410 2693 Χ.
434 2621 538 2710 οίμοι,
561 2625 711 2695 θανάτου
735 2621 823 2695 τοῦτ’
847 2625 1009 2716 ἐγγυτάτω

366 2724 493 2808 τούπος
516 2727 667 2822 ἀφῖκται.

367 2839 436 2901 ΚΡ.
459 2838 601 2920 θαρσεῖν
624 2831 720 2902 οὐδὲν
743 2839 1023 2924 παραμυθοῦμαι,
1424 2831 1425 2898 l

365 2936 410 3026 μὴ
434 2933 473 3004 ού
496 2934 576 3004 τάδε
594 2936 699 3027 ,ταύτῃ
723 2944 1006 3026 κατακυροῦσθαι.

365 3042 476 3108 ΑΝΤ.
501 3031 528 3106 ὦ
549 3046 608 3129 γῆς
632 3039 744 3130 Θήβης
765 3035 846 3108 doro
871 3047 1039 3131 πατρῷον,
1217 3043 1319 3134 ἐπῳδ.
1424 3063 1425 3114 i

367 3140 449 3210 θεοί
469 3168 505 3210 τε
526 3148 752 3230 πατρογενεῖς,
889 3167 892 3174 ’

410 3241 535 3336 dyonea
559 3245 610 3338 δή,
632 3242 712 3314 κούκ
736 3245 785 3316 ἔτι
806 3247 927 3333 μέλλω.

367 3349 530 3434 λεύσσετε,
557 3349 668 3441 Θήβης
690 3347 723 3419 οἱ
744 3348 945 3441 κοιρανίδαι,

366 3455 423 3544 τὴν
445 3451 605 3541 βασιλίδα
628 3453 686 3544 τὴν
705 3453 829 3546 μούνην
850 3455 981 3540 λοιπύν,

368 3549 425 3626 οἷα
447 3555 533 3644 πρὸς
556 3559 636 3624 οἵων
659 3554 787 3647 ἀνδρῶν
808 3557 938 3644 πάσχω,

409 3661 467 3753 τὴν
489 3656 642 3747 εύσεβίαν
665 3659 837 3750 σεβίσασα.

282 3788 357 3852 Vide
372 3788 478 3869 Eurip.
498 3789 568 3849 Hoc.
589 3787 725 3873 59-99.
745 3788 794 3850 ed.
814 3789 908 3868 Poro,
935 3789 990 3851 uhi
1006 3789 1132 3854 admixti
1149 3801 1223 3854 sunt
1237 3791 1349 3873 quidam

281 3894 332 3956 alii
352 3910 471 3954 versus.
504 3892 666 3953 Finiuntur
687 3893 737 3954 isti
757 3893 915 3973 anapaesti
933 3913 1027 3956 versu
1047 3913 1174 3957 caesura
1196 3905 1312 3960 carente
1325 3902 1350 3953 et

184 3997 187 4005 '
233 3991 234 3994 '
280 3997 471 4082 paroemiaco
486 3997 518 4056 in
534 3995 669 4058 secundo
684 3995 762 4075 pede
778 3994 936 4076 dactylum
950 3997 1099 4061 habente:

267 4138 271 4144 ’
364 4105 426 4180 ’ἀπ’
450 4109 533 4196 ἐμᾶς
555 4101 622 4194 οὖν,
646 4105 705 4177 ἀπ’
729 4109 812 4196 ἐμᾶς
833 4109 910 4180 τόδε
932 4112 1057 4194 παιδὸς

258 4245 260 4250 ’
356 4263 358 4268 ,
409 4212 580 4306 πέμψατε,
605 4213 771 4301 δαίμονες,
796 4212 941 4284 ἱκετεύω.

927 4323 941 4354 0
