2922 4948
415 339 452 381 na
469 338 642 384 srsrennrts
658 339 964 384 nurrsraorarconvu.
1177 321 1238 384 249

299 485 344 554 ‘E
366 485 427 554 τὰν
450 485 568 578 φόνιον
590 485 680 572 ἔχετε
706 485 826 580 φλόγα,
850 485 950 576 δορός
971 513 1008 556 σε
1030 484 1159 576 λόγχαν.

357 598 396 659 Χ.
423 587 494 675 τάχ’
518 589 568 671 εἰς
591 589 694 684 φίλαν
717 599 778 682 γᾶν
799 585 957 662 πεσεῖσθ’
981 587 1158 677 ἀνώνυμοι.

249 703 277 761 5.
301 692 346 763 ‘E
372 692 463 775 κόνις
485 693 515 762 δ’
537 691 596 764 ἴσα
619 698 738 784 καπνῷ
761 697 899 784 πτέρυγι
921 693 1008 784 πρδς
1029 693 1156 785 αἰθέρα

355 793 472 868 όόῖσιον
494 794 594 868 οἴκων
617 799 705 886 ἒμιῦν
726 827 769 884 με
792 799 901 891 θήσει.

354 910 397 971 Χ.
425 898 531 990 ὄνομα
554 902 593 972 δι’
614 911 675 991 γᾶς
697 900 825 996 doureh
846 887 950 971 eiocr'·
975 896 1063 996 όὶλλᾳ
1086 900 1116 972 δ

301 1003 383 1076 όλλο
407 1011 566 1101 φροῦδον,
590 1003 662 1076 ούδ
686 1003 731 1076 δι’
754 1006 856 1077 ἔστιν

353 1109 541 1180 deciduam
566 1107 683 1200 Τροία.

228 1225 277 1283 to.
301 1213 345 1284 Ἓ.
373 1211 523 1302 ἐμάθετ’,
547 1211 698 1299 dulciaco,-
719 1221 762 1281 X.
781 1213 969 1306 Περγάμων
991 1214 1079 1283 κλύω
1098 1214 1233 1284 κτύπον.

297 1317 341 1388 ‘E
369 1317 478 1400 ἔνοσις
499 1317 648 1403 ἅπασαν,
672 1317 781 1400 ἔνοσις
803 1317 977 1388 ἐπικλύσει
1000 1319 1110 1388 πόλιν.

355 1421 407 1508 ἰού,

436 1525 445 1551 Ι
612 1526 620 1549 Q
873 1523 883 1551 ³

301 1552 456 1618 ερομερα,
479 1552 625 1618 τρομερα
646 1525 749 1613 μέλεα
772 1526 875 1620 φέρει
907 1527 940 1596 ἐ-

299 1631 364 1718 μδν
384 1628 485 1718 ἴχνος,
508 1627 551 1699 ’t'c'
575 1631 633 1700 ἐπὶ
810 1656 819 1675 ·

228 1744 277 1806 t5.
348 1735 501 1804 δούλειον
524 1733 650 1826 ἁμέραν
672 1733 761 1823 δίου.

300 1848 342 1908 Χ.
372 1837 413 1908 ἰὼ
434 1836 576 1907 τάλαινα
600 1840 711 1920 πόλις·
735 1837 826 1926 ὅμως
848 1838 886 1908 δὲ

300 1941 447 2037 πρόφερε
469 1941 563 2012 πόδα
586 1942 644 2012 σδν
668 1942 724 2011 ἐπὶ
748 1941 880 2024 πλάτας
902 1945 1055 2029 Ᾱχαιαῖν.

233 2155 348 2240 9690.
376 2161 454 2220 Rara
471 2157 611 2240 exempla
637 2167 711 2220 sunt
733 2177 794 2220 non
810 2157 991 2220 observatae
1007 2158 1145 2238 aequalis
1159 2177 1237 2240 per-

144 2283 290 2326 sonarum
306 2261 547 2325 distributionis:
574 2260 659 2342 quod
674 2261 729 2324 uhi
745 2261 869 2340 lactum,
889 2262 1004 2324 lactum
1020 2271 1069 2324 est
1084 2262 1232 2342 consulto,

144 2378 176 2432 et
190 2367 222 2430 in
238 2385 347 2447 magna
363 2368 562 2428 commotione
579 2385 615 2428 ac
630 2366 861 2448 perturbatione
876 2367 1059 2428 animorum.

230 2575 254 2656 ὅ
268 2572 346 2640 691.
374 2574 436 2636 Sed
459 2573 615 2637 interdum
630 2594 731 2656 pauca
748 2575 843 2636 verba
860 2576 928 2654 alii,
955 2593 1050 2655 quam
1066 2572 1232 2653 debebant,

144 2698 294 2762 personae
307 2678 421 2742 tributa
435 2677 588 2740 videmus.
616 2677 655 2739 Αι
670 2698 710 2739 ne
726 2678 783 2739 hoo
799 2678 925 2760 quidem
939 2689 1054 2740 temere
1066 2679 1110 2758 fit,
1125 2687 1156 2739 et
1171 2668 1236 2739 sine

144 2801 266 2846 caussa.
299 2783 376 2844 Nam
392 2781 446 2845 ubi
463 2801 498 2846 ca
514 2791 561 2844 εει
577 2781 772 2864 stropharum
795 2784 970 2864 systematis
987 2783 1080 2862 ratio,
1107 2791 1142 2845 ut
1156 2780 1236 2845 duae

144 2889 303 2967 contiguae
318 2886 461 2968 strophae
474 2895 724 2967 praetermorem
741 2888 916 2968 systematis
928 2887 983 2949 uni
995 2905 1144 2968 personae
1157 2906 1236 2948 con—

143 2992 257 3055 tinuari
265 2989 425 3070 deberent,
438 2991 539 3052 visum
558 2999 604 3052 est
611 2991 720 3071 poetis,
733 3009 794 3071 quo
803 2988 977 3053 distinctius
987 2989 1237 3054 discernerentur

144 3093 287 3176 strophae
303 3095 389 3174 istae,
408 3113 506 3176 pauca
523 3093 629 3173 verba,
646 3093 761 3176 quihus
779 3094 826 3156 vel
841 3095 925 3175 prior
939 3096 1064 3176 stropha
1081 3095 1231 3171 finiretur,

143 3200 193 3260 vel
201 3200 351 3281 posterior
362 3199 558 3279 inciperetur,
570 3199 619 3259 alii
627 3217 776 3278 personae
789 3198 935 3260 tribuere.
961 3199 1082 3277 Insigne
1091 3197 1183 3260 huius
1192 3198 1235 3258 rei

144 3303 321 3384 exemplum
333 3311 380 3364 εει
392 3303 423 3362 in
431 3300 617 3382 Choephoris
629 3320 659 3361 v.
676 3303 746 3362 lli.
773 3299 849 3362 Nam
862 3319 959 3380 quum
969 3300 1013 3361 ibi
1023 3298 1106 3380 quod
1118 3319 1235 3361 secun-

145 3387 221 3469 dum
236 3415 283 3468 est
299 3414 433 3486 systema
447 3405 652 3485 stropharum,
673 3424 711 3465 ex
724 3413 869 3483 quattuor
884 3403 1016 3483 strophis
1034 3411 1160 3482 constet,
1177 3403 1235 3463 hoc

143 3510 249 3574 ordine
260 3511 366 3591 positis
376 3499 416 3594 η’.
433 3501 479 3570 θ’.
496 3499 542 3570 δ’.
559 3503 597 3590 η’.
614 3517 645 3568 ει
657 3509 733 3588 lcge,
746 3505 830 3588 quod
843 3506 882 3568 ad
893 3525 1041 3587 personas
1054 3507 1172 3586 attinet,
1186 3525 1231 3586 ea,

144 3624 179 3678 ut
190 3614 331 3695 strophas
343 3603 384 3698 η’,
396 3603 425 3697 η’
435 3610 554 3672 Electra
565 3611 686 3692 habeat,
702 3613 836 3694 strophis
848 3602 895 3690 δ’,
908 3603 944 3672 δ’
954 3620 1059 3672 autem
1069 3611 1193 3672 Orestes
1205 3621 1236 3673 ει

143 3717 262 3780 Electra
275 3716 334 3779 sibi
348 3714 569 3797 respondeant:
586 3714 664 3778 duas
674 3717 834 3778 continuas
847 3715 990 3797 strophas
998 3714 1141 3777 habitura
1155 3725 1237 3778 osset

144 3823 274 3902 Electra,
290 3819 496 3900 antistrophas
509 3817 577 3882 dico
590 3812 627 3882 δ’
637 3829 670 3891 ,ει
682 3812 721 3904 η’.
749 3819 837 3908 Quod
850 3839 947 3901 quum
961 3837 1118 3900 nusquam
1130 3820 1162 3880 in
1175 3827 1236 3880 toto

143 3925 194 3986 illo
203 3925 340 3986 Electrae
352 3933 382 3984 ει
391 3924 507 3985 Orestis
520 3925 637 3985 cantico
650 3923 712 4002 liat,
729 3935 765 3987 ut
779 3924 888 3986 eadem
902 3943 1035 4006 persona
1048 3923 1126 3986 duas
1142 3921 1237 3985 dein-

143 4046 215 4108 ceps
231 4028 371 4109 strophas
388 4037 493 4108 canat,
517 4029 616 4109 prima
634 4027 789 4088 secundae
806 4028 1014 4107 antistrophac
1033 4027 1126 4088 verba
1144 4027 1237 4088 choro

144 4131 256 4193 tributa
273 4140 356 4209 sunt,
375 4140 411 4193 ut
425 4132 476 4192 hic
491 4150 601 4196 novam
618 4132 710 4212 incipi
726 4116 883 4212 stropham
900 4139 1066 4210 appareat:

232 4236 274 4297 X.
302 4225 409 4318 λέγεις
431 4236 590 4318 πατρῷον
611 4227 725 4318 μύρον.
750 4225 802 4298 Ἠ.
832 4227 896 4319 ἐγώ
920 4225 949 4295 δ
974 4223 1195 4298 όπεστύεοον.
