2922 4948
345 386 382 426 nr
398 385 449 426 rsv
464 382 726 432 irrtsrrormm
742 385 904 428 summ.
1109 369 1173 432 235

76 558 154 618 χον,
178 557 253 618 pars
269 530 355 603 κατὰ
369 529 522 622 σύστημα
536 537 657 619 scripta
674 539 729 618 sit,
753 541 888 608 carmina
904 559 941 604 ea
961 534 1087 619 μικτὰ
1109 561 1175 624 yr-

77 635 176 706 νικὰ
198 650 366 722 vocantur,
397 651 433 704 ut
453 641 625 722 tragoediae
650 651 682 704 et
704 653 824 709 veteres
849 643 1043 720 oomoedine;
1074 665 1173 730 quum

77 755 184 810 autem
200 745 331 826 perinde
346 755 411 824 est,
430 755 534 808 utrum
551 748 622 826 quis
637 767 672 810 ea
689 739 775 810 κατὰ
789 738 921 824 στίχον,
945 767 986 810 an
1007 743 1094 814 md
1109 742 1174 816 σό-

79 869 191 935 στημα
213 852 327 932 scripta
342 859 452 930 putare
467 852 558 928 velit,
583 843 680 915 κοινὰ
703 843 815 934 your&
837 850 998 932 dieantur,
1024 861 1060 916 ut
1075 855 1172 918 multa

78 975 117 1017 ex
132 953 364 1019 Anacreontiois
383 953 591 1033 carminibus,
616 974 697 1035 quae
718 965 804 1018 etex
821 954 963 1020 versibus
979 964 1118 1035 tantum,
1142 967 1175 1020 et

79 1079 118 1122 ex
129 1059 267 1139 strophis
278 1069 409 1138 possunt
419 1061 587 1140 oomposita
601 1058 706 1122 rideri.
726 1061 761 1124 V.
774 1060 936 1139 Hephaest.
950 1079 1019 1142 pag.
1031 1063 1081 1122 63.
1091 1063 1166 1122 -rt

85 1163 307 1244 (itt-mm

167 1385 286 1470 §632
312 1391 398 1463 Quae
419 1381 523 1454 κατὰ
543 1382 688 1470 στίχον
709 1392 821 1472 scripta
837 1399 921 1468 sunt,
941 1388 1086 1452 dividunt
1101 1409 1173 1450 rno-

83 1496 147 1558 trioi
163 1495 196 1554 in
211 1483 356 1572 μικτά,
378 1511 458 1574 quae
474 1495 504 1554 in
521 1493 589 1556 aliis
603 1495 746 1576 partibus
762 1495 837 1556 aiios
854 1513 965 1556 versus
980 1493 1112 1570 habent,
1138 1501 1173 1554 nt

81 1596 257 1661 comoediae
285 1595 441 1660 Menandri
465 1597 601 1676 inerunt,
631 1601 720 1660 etin
747 1585 923 1678 ι’ίμικτα,
950 1617 1030 1678 qnae
1057 1597 1173 1678 ubique

80 1701 191 1765 eodem
208 1721 323 1781 genere
338 1719 448 1764 versus
463 1701 643 1782 procedunt,
664 1712 700 1766 nt
714 1705 816 1784 poesis
831 1705 927 1785 epioa.

167 1925 285 2010 5633.
318 1927 348 1988 Σ
355 1921 618 2014 αστηματικὰ
643 1938 747 1992 autem
768 1932 809 1992 ita
830 1929 1031 2010 dividuntur,
1058 1939 1094 1992 ut
1114 1930 1172 1991 aiia

79 2027 190 2096 κατὰ
239 2026 393 2112 σχέσιν,
435 2033 492 2094 alia
534 2023 848 2114 ἀπολελυμένα,
892 2033 950 2095 alia
991 2025 1172 2115 ματρικὰ

78 2127 266 2215 ἄτακτα,
289 2137 347 2200 aiia
371 2132 415 2215 ἐξ
432 2129 608 2218 ὁμοίων,
632 2139 689 2200 alia
717 2133 845 2218 μικτὰ
869 2129 1170 2220 συστηματικᾶ,

78 2241 138 2303 alia
163 2233 289 2304 κοινὰ
308 2235 602 2326 σνστηματικὰ
624 2261 692 2305 osse
709 2241 860 2306 dicantur.
887 2244 973 2315 Quae
989 2242 1063 2303 satis
1075 2261 1171 2321 prava

78 2345 275 2426 partitioest.

168 2568 285 2654 5634.
311 2573 352 2634 Et
371 2565 475 2635 nord
498 2565 642 2651 σχέσιν
662 2581 831 2652 vocantur,
856 2592 937 2652 qnae
953 2571 1171 2651 responsiones

79 2690 111 2740 et
126 2677 303 2740 iterationes
318 2676 442 2739 habent.

168 2898 284 2983 §635
309 2899 344 2962 1’1
350 2896 618 2983 αολσλυμὲνα
642 2899 804 2981 dicuntur,
825 2919 922 2984 quae,
942 2909 1036 2982 prout
1051 2899 1172 2964 libitum

80 3017 129 3068 est
145 3015 262 3086 poetae,
281 3008 348 3070 sine
364 3016 446 3069 certa
462 3007 527 3088 lege
542 3004 727 3069 conduntur.
761 3007 804 3068 Do
824 3005 872 3068 his
895 3005 973 3068 inira
989 3025 1056 3087 cap.
1077 3007 1168 3068 XXV.

80 3109 296 3194 explicabitur.

167 3314 284 3398 5636.
310 3311 505 3402 Μετρικὰ
528 3305 686 3380 ἄτακτα
706 3327 797 3397 sunt,
824 3337 904 3398 quae
928 3337 966 3380 ox
990 3319 1080 3377 certis
1097 3318 1173 3398 qui-

82 3422 165 3501 dem,
195 3421 251 3484 sed
276 3421 390 3484 diversi
416 3423 535 3504 generis
565 3421 707 3483 versibus
736 3430 852 3482 temere
880 3421 983 3483 mixtis
1011 3429 1169 3482 constant:

82 3525 256 3588 cuiusmodi
271 3527 448 3607 exemplum
465 3527 597 3589 afferunt
612 3527 670 3587 hoo
686 3523 870 3588 Simonidis:

159 3634 303 3729 ’Ἰσθμια
323 3640 393 3726 δίς,
415 3641 527 3734 Νεμέᾳ
550 3637 618 3726 δίς,
640 3635 808 3732 Ὀλυμπίᾳ
833 3638 1084 3732 ἐστεφανώθην,

214 3741 253 3814 οὐ
276 3744 402 3822 widrat·
419 3753 517 3816 νικῶν
540 3745 704 3832 σώματος,
729 3740 815 3814 ἀλλὰ
837 3743 944 3838 τέχνᾳ,

258 3847 498 3942 Ἀριστόδαμος
523 3848 693 3942 Θράσιδος
714 3851 842 3934 Atrine
863 3849 967 3942 πάλᾳ.

83 3980 256 4060 Diountque
289 3979 346 4040 hoo
376 3976 653 4058 monotropon,
687 3981 740 4060 qui
767 3980 898 4042 Homero
927 3977 1171 4058 adscribebantur,

84 4083 179 4146 inisse
194 4084 407 4164 compositum.
435 4081 497 4144 Hoo
512 4089 609 4142 totum
621 4101 720 4162 genus
737 4102 797 4145 non
814 4083 852 4146 od
866 4075 1106 4166 συστηματικά,
1119 4083 1174 4146 sed

84 4188 123 4252 ad
139 4188 273 4252 earmina
298 4178 401 4250 κατὰ
419 4177 565 4262 στίχον
580 4187 691 4268 scripta
712 4188 818 4252 reterri
836 4185 980 4250 deitebot.
