2922 4948
294 273 356 341 206
690 291 748 334 xm.
766 291 811 347 ul,
838 291 900 337 mr.
918 291 979 334 xrr.

379 443 405 526 ᾗ
419 440 496 511 566.
530 445 645 508 Versus
661 454 715 511 aut
736 446 825 506 nexi
846 454 934 526 suut,
960 462 1092 524 quorum
1106 442 1213 524 plnres
1229 463 1294 507 uua
1311 462 1382 524 per-

295 549 442 632 petuitate
458 551 579 612 numeri
595 550 775 612 cohaerent:
795 556 935 610 autnon
951 548 1054 628 nexi,
1073 548 1126 628 qui
1142 548 1223 610 inter
1238 565 1272 608 se
1289 565 1382 630 pausa

293 653 344 714 vel
359 653 479 714 silentio
495 653 618 716 disereti
633 661 720 728 sunt3
748 659 802 713 aut
822 652 1039 732 seminexi‚
1066 668 1199 730 quorum
1213 651 1336 732 plures,
1353 661 1382 712 ut

295 756 417 818 lihitum
434 767 494 837 est,
524 756 571 818 vel
591 756 766 818 continuato
781 757 831 818 vel
847 774 1047 838 perpensam
1068 756 1240 836 interrupto
1256 773 1382 832 numero

294 861 506 922 eontinentur:
526 861 579 940 qui
595 868 746 921 vooantur
760 860 852 920 etiam
868 861 1111 940 asyuarteti.

381 1065 502 1148 5567.
540 1070 725 1148 Systema
752 1077 800 1129 est
824 1085 974 1129 numerus
999 1076 1170 1158 perpetuus
1197 1085 1215 1130 e
1242 1067 1382 1128 versibus

228 1241 235 1256 ·
298 1174 386 1234 nexis
401 1173 576 1233 cohaerens.

382 1376 497 1459 §568
524 1380 686 1459 Stropha
701 1388 750 1441 est
765 1397 914 1442 uumerus
929 1379 1104 1442 ovensibus
1119 1387 1294 1459 utcumque
1310 1399 1380 1441 oon-

298 1485 420 1545 soeiatis
435 1482 630 1570 compositus.

382 1687 498 1773 §569.
530 1691 700 1754 Commune
715 1692 819 1772 itaque
840 1692 1061 1772 systematis
1082 1700 1113 1752 et
1127 1692 1310 1773 strophae
1327 1702 1377 1770 est,

298 1793 382 1874 quod
404 1795 606 1875 expluribus
630 1794 772 1859 versibus
794 1804 950 1872 constent3
980 1795 1103 1876 propria
1125 1805 1216 1876 sunt,
1248 1795 1333 1876 quod
1354 1798 1378 1855 in

298 1908 509 1979 systemate
534 1919 644 1962 versus
666 1901 737 1962 nexi
764 1907 852 1978 sunt,
882 1917 1007 1978 unaque
1032 1901 1240 1980 perpetuitate
1266 1899 1379 1962 numeri

298 2005 476 2080 cohaerent;
504 2006 537 2064 in
560 2004 726 2085 stropha
749 2011 852 2065 autem
868 2021 929 2064 non
944 2012 993 2066 est
1007 2004 1232 2082 necessarium,
1261 2013 1297 2064 ut
1317 2003 1378 2064 nexi

298 2108 369 2186 siut,
388 2107 445 2168 sed
461 2117 491 2169 et
505 2109 576 2169 nexi
591 2115 623 2170 et
636 2125 698 2168 non
713 2109 785 2173 nexi
801 2116 832 2168 et
846 2108 1005 2186 seminexi,
1023 2117 1063 2170 et
1075 2109 1189 2187 partim
1205 2110 1290 2188 nexi,
1309 2125 1378 2188 par-

298 2212 352 2272 tim
367 2229 428 2272 non
450 2211 539 2292 nexi,
564 2213 675 2292 partim
699 2211 848 2273 seminexi
870 2228 938 2272 esse
958 2221 1097 2292 possunt.
1130 2211 1223 2284 Quod
1238 2213 1266 2274 si
1282 2230 1378 2274 omnes

299 2333 360 2376 una
375 2316 580 2395 perpetuitate
599 2316 672 2376 nexi
693 2325 783 2394 sunt,
810 2316 967 2394 stropha
989 2335 1051 2377 uno
1074 2325 1285 2394 systemate
1308 2335 1377 2377 eou-

298 2427 369 2498 stat,
389 2427 420 2480 et
434 2437 496 2480 non
512 2418 613 2481 differt
628 2439 645 2480 a
661 2427 893 2498 systemate.
925 2417 1064 2481 Indidem
1081 2423 1232 2501 sequitur,
1252 2431 1288 2482 ut
1302 2429 1377 2481 stro-

298 2523 358 2604 pha
375 2523 464 2604 plura
485 2531 708 2602 systemata
729 2523 883 2585 continere
897 2525 1004 2604 possit,
1023 2543 1085 2586 non
1100 2526 1193 2586 etiam
1212 2535 1376 2604 systema

299 2628 404 2708 plures
421 2627 621 2707 strophas.

385 2831 500 2918 5570.
535 2835 733 2918 Praeceptum
753 2835 983 2919 Hephaestionis
1005 2857 1037 2918 p.
1059 2838 1099 2910 ii
1120 2835 1209 2922 (hh).
1237 2837 1306 2902 πᾶν
1323 2831 1376 2917 μέ-

300 2956 386 3019 τρον·
409 2929 458 3012 εἷς
485 2934 617 3000 τελείαν
644 2940 851 3024 περατοῦται
879 2933 989 3020 λέξιν,·
1021 2951 1139 3022 spectat
1168 2941 1209 3004 ad
1244 2959 1376 3004 versus

301 3060 377 3100 non
396 3060 537 3120 nexos,
562 3059 694 3122 quorum
709 3042 832 3123 iatine,
852 3045 923 3125 quia
939 3043 980 3105 ihi
997 3064 1095 3126 pausa
1111 3047 1159 3130 fit,
1183 3047 1276 3123 etiam
1291 3064 1380 3107 voea-

302 3143 411 3205 bulum
431 3145 511 3206 finiri
534 3153 668 3226 oponet;
695 3165 756 3208 non
777 3147 816 3208 ad
837 3167 947 3210 versus
970 3167 1110 3229 nexos,
1134 3169 1191 3230 per
1211 3169 1289 3231 quos
1303 3148 1374 3211 idem

301 3258 503 3330 perpetuatur
524 3267 689 3328 numerus3
720 3269 821 3330 neque
848 3249 888 3312 ad
913 3231 1158 3333 seminem,
1189 3255 1329 3334 quoniam
1349 3252 1374 3309 in

302 3354 349 3414 his
365 3360 400 3414 ut
413 3353 511 3433 possit
525 3373 595 3415 oum
611 3372 704 3415 versu
719 3354 799 3415 finiri
818 3374 982 3433 numenn,
1009 3364 1113 3418 tamen
1134 3375 1197 3419 non
1217 3353 1375 3418 necessario

302 3458 417 3518 finitur.
449 3458 555 3537 Itaque
571 3466 603 3518 et
622 3459 828 3538 stropham
849 3477 971 3536 omnem
986 3467 1017 3520 et
1035 3469 1214 3540 systema
1230 3479 1317 3522 omne
1329 3458 1374 3516 in-

302 3570 385 3639 tegra
401 3578 475 3622 voce
491 3559 662 3624 finiendum
678 3570 739 3623 est:
766 3561 823 3624 sed
846 3564 899 3642 qui
921 3571 1087 3642 systemate
1103 3564 1296 3626 eontinentur
1309 3578 1373 3624 ver-

303 3681 375 3742 suS‚
405 3683 467 3724 non
491 3684 568 3745 opus
589 3676 636 3727 est
656 3675 692 3728 ut
715 3668 833 3747 integra
855 3685 928 3728 voce
951 3666 1113 3746 finiantur3
1144 3669 1199 3748 qui
1224 3665 1372 3746 stropha

304 3767 512 3847 eontinentur,
536 3777 603 3830 tum
619 3767 761 3850 demum,
786 3771 813 3834 si
832 3789 906 3832 non
926 3771 1017 3832 nexi
1038 3781 1127 3854 sunt,
1144 3792 1216 3834 oum
1233 3773 1297 3854 ipsa
1311 3785 1373 3830 voce

305 3871 384 3932 finiri
399 3869 525 3938 debent.

690 4065 997 4076 m
