2896 4960
276 323 336 388 158
579 337 581 344 ’
698 343 754 388 tm.
769 345 803 388 11.
829 343 892 388 car.
907 345 953 388 xc.

272 494 389 576 ordine,
408 495 522 576 pariter
536 504 572 557 ot
583 497 717 558 trochaei
730 507 760 558 et
771 495 895 579 dactyli.
922 459 1089 584 hogenera
1101 515 1224 579 quoque
1235 498 1340 560 numeri

270 599 410 679 paeonici
426 597 533 662 eadem
549 601 774 682 comparatione
790 609 864 664 sunt
878 602 1034 683 quinque:

434 736 632 787 :demum
675 740 789 820 primi
809 759 988 824 paeones

348 841 555 896 *Μ’-’νω-
673 842 1021 924 quartipaeones.

432 944 554 996 ἐνω-
672 947 834 1027 strophi.

346 1049 480 1096 *AN—¹·
670 1048 783 1112 dasii.

378 1150 402 1198 -‘
432 1135 532 1200 M)
670 1153 899 1240 sympleoti.

269 1290 332 1356 Sed
361 1310 459 1371 quum
489 1292 612 1353 omnino
642 1291 738 1354 rarior
766 1309 843 1353 usus
873 1300 920 1354 est
949 1293 1071 1354 numeri
1099 1293 1254 1374 paeonici,
1287 1302 1344 1356 tum
1429 1321 1431 1330 ·

267 1397 399 1475 strophi,
419 1394 507 1473 dasii,
527 1395 689 1476 symplecti
705 1395 731 1456 si
747 1395 871 1474 quando
886 1397 1104 1476 inveniuntur,
1131 1416 1192 1459 uon
1209 1406 1306 1459 certas
1320 1405 1345 1457 et

267 1499 394 1562 stabiles
416 1499 530 1563 formas
561 1498 686 1560 habent.
727 1500 886 1561 Praeterea
919 1501 1008 1562 utin
1030 1500 1191 1580 dactylicis
1216 1503 1344 1574 numeris

266 1613 356 1682 sunt,
376 1603 430 1682 qui
446 1601 607 1666 iambicam
624 1603 789 1666 anacrusin
805 1603 956 1684 habeant,
983 1605 1024 1665 ita
1041 1605 1133 1666 etiam
1148 1607 1288 1686 paeonici
1301 1605 1345 1668 alii

266 1727 338 1770 cum
353 1706 502 1784 iambica,
525 1707 577 1768 alii
591 1725 664 1770 cum
679 1707 875 1788 anapaestica
889 1709 1034 1770 anacrusi
1049 1707 1120 1770 iacti
1136 1717 1222 1770 sunt.
1256 1709 1344 1772 Gata-

266 1811 343 1872 lexis
359 1811 393 1872 lit
415 1810 447 1870 in
469 1809 682 1891 trisyllabum,
709 1811 740 1871 in
763 1809 969 1891 disyllabum,
996 1813 1028 1873 in
1050 1810 1215 1891 syllabam.
1249 1809 1343 1892 Atque

266 1916 323 1976 hoc
338 1932 462 1994 quoque
476 1914 508 1975 in
524 1931 634 1995 genere
650 1932 798 1976 versuum
810 1914 920 1996 singuli
935 1911 1031 1996 pedes
1047 1923 1144 1977 metra
1159 1933 1177 1977 a
1192 1933 1344 1995 gramma-

266 2019 332 2080 ticis
348 2026 507 2081 vocantur.

349 2223 465 2307 §Mb
493 2227 732 2289 Vsitatissimum
746 2244 843 2306 genus
857 2224 949 2306 primi
971 2245 1104 2308 paeones
1127 2235 1217 2308 sunt,
1246 2227 1342 2290 minus

263 2329 306 2393 illi
329 2332 448 2412 tragicis
471 2351 564 2412 quam
585 2332 708 2394 comicis
731 2331 882 2411 usmpati,
908 2328 993 2411 apud
1014 2351 1092 2412 quos
1115 2341 1344 2394 tetrameter

262 2433 396 2497 maxime
416 2437 686 2520 catalecticus
708 2436 745 2496 in
767 2431 1024 2514 trisyllabum
1047 2437 1214 2517 invenitur,
1241 2437 1342 2518 quiex

263 2537 387 2601 duobus
400 2537 559 2601 ordinibus
571 2549 699 2618 constat,
718 2557 877 2604 caesuram
888 2537 1007 2600 habens
1022 2539 1055 2599 in
1071 2539 1131 2601 fine
1147 2539 1276 2602 secundi
1287 2559 1342 2620 pe-

261 2641 320 2722 dis,
337 2662 416 2723 quae
429 2651 532 2704 tamen
544 2643 701 2705 interdum
712 2642 884 2723 negligitur.
910 2643 1044 2704 Vltimus
1061 2662 1117 2724 pes
1128 2643 1272 2725 dactylus
1287 2649 1338 2720 est,
1429 2705 1430 2710 ,

260 2744 317 2808 sed
332 2756 457 2826 propter
472 2747 635 2829 ancipitem
652 2765 745 2827 saepe
761 2745 909 2807 Creticus.

347 2869 374 2944 ὦ
397 2874 479 2944 πόλι
502 2876 585 2970 φίλη
607 2878 785 2965 Κέκροπος
807 2873 975 2970 αὐτοφυὲς
994 2875 1140 2972 Ἀττική,

237 3077 239 3082 Α
344 2985 449 3069 χαῖρε,
474 2979 619 3068 λιπαρὸν
640 2977 799 3066 δάπεδον,
827 2972 937 3070 οὖθαρ
962 2977 1094 3074 ἀγαθῆς
1113 2982 1249 3068 χθονός.

259 3121 334 3189 Vide
350 3122 505 3205 Aristoph.
524 3125 615 3203 Vesp.
637 3123 730 3187 ⁴275.
750 3141 837 3205 seqq.

210 3375 212 3378 ·
258 3313 260 3320 ,
343 3329 460 3416 5447.
487 3332 577 3408 Quod
591 3334 775 3414 Hephaestio
797 3331 888 3414 dicit,
907 3331 1143 3416 Aristophanem
1165 3335 1196 3396 in
1221 3335 1340 3417 Georgis

259 3439 351 3502 etiam
368 3447 477 3518 quarto
490 3456 608 3518 paeone
623 3455 680 3518 pro
694 3439 793 3520 primo
809 3455 902 3501 usum
918 3455 1004 3500 esso:

344 3569 378 3636 ἓν
400 3567 507 3661 ἀγορᾷ
529 3567 559 3638 d'
584 3561 626 3637 αὖ
649 3568 821 3637 πλάτανον
843 3565 879 3638 εὖ
904 3569 1180 3662 διαφυτεύσομεν,

251 3716 288 3782 ,in
304 3713 449 3776 secundis
463 3713 785 3796 Thesmophoriazusis
801 3723 904 3778 autern
920 3731 1013 3794 saepe
1028 3714 1121 3776 etiam
1135 3714 1249 3795 pedem
1265 3718 1340 3782 Gre-

257 3819 352 3880 ticum
368 3817 478 3880 mediis
493 3817 637 3880 versibus
659 3817 843 3898 inseruisse,
869 3820 1049 3898 argumento
1064 3826 1126 3898 est,
1150 3837 1261 3882 versus
1276 3821 1339 3882 illos
1427 3835 1428 3886 l

256 3941 318 3984 non
341 3922 503 4005 paeonicos
531 3921 644 4001 fuisse,
675 3920 731 3982 sed
751 3921 896 3986 Cretieos.
936 3922 1150 4004 Quamquam,
1185 3931 1220 3986 ut
1249 3943 1339 4008 supra

257 4025 373 4092 dictum
388 4023 418 4108 ᾗ.
438 4025 511 4088 tto.
536 4043 576 4088 ne
596 4025 657 4105 ipsi
681 4009 807 4105 quidem
824 4033 945 4088 veteres
961 4025 1067 4088 Graeci
1089 4046 1129 4088 ex
1152 4028 1235 4089 omni
1257 4037 1339 4110 parte

253 4129 435 4194 ‚distinxisse
450 4147 616 4196 numerum
631 4127 785 4198 Creticum
802 4136 832 4196 et
846 4130 1028 4211 paeonicum
1043 4129 1200 4199 videntur.
