2930 4962
576 381 743 425 casulano.
1176 384 1202 426 ΙΧ

112 515 249 610 habere,
282 531 367 614 quod
396 531 429 596 hi
459 529 556 615 pedes
584 531 740 616 syllabam
766 533 934 616 ancipitem
961 531 1202 618 adspernantur,

112 638 250 722 ideoque
271 639 374 722 prima
397 639 509 704 harum
535 639 676 704 brevium
696 641 875 705 necessario
901 640 1009 706 statim
1034 661 1092 726 pro
1117 642 1205 708 brevi

112 753 326 829 agnoscatur,
350 764 451 829 neque
471 745 652 828 ambiguum
673 755 818 827 maneat,
841 754 943 813 utrum
963 767 1020 832 pro
1035 748 1140 828 brevi,
1163 771 1205 816 an

113 875 174 940 pro
194 855 292 937 longa
311 854 459 920 habenda
473 853 530 931 sit,
554 853 637 935 quod
653 853 736 933 fore,
759 854 787 918 si
807 853 840 919 in
856 855 947 920 tertio
962 854 1110 938 quintove
1125 857 1207 941 pede

114 962 274 1028 eiusmodi
293 961 406 1028 incisio
426 961 491 1026 liat.
523 961 606 1026 Nam
627 961 881 1044 ambiguitatem,
906 983 1000 1045 quam
1021 963 1054 1029 in
1069 963 1160 1031 tertio
1175 972 1207 1031 et

114 1071 228 1154 quinto
248 1067 330 1153 pede
350 1069 535 1134 exstituram
554 1067 648 1146 dicit,
673 1069 761 1134 nulla
780 1076 844 1135 est:
870 1076 916 1148 et,
941 1070 968 1135 si
989 1078 1135 1154 quaest,
1159 1079 1208 1138 est

114 1177 216 1242 ctiam
236 1177 270 1242 in
290 1176 428 1242 secundo
444 1183 615 1260 quartoque
635 1175 727 1260 pede.
758 1176 914 1255 Quoniam
937 1177 1020 1244 enim
1037 1199 1207 1264 quaecum-

115 1305 180 1368 que
201 1285 235 1349 in
255 1283 359 1348 medio
380 1284 519 1349 trimetro
538 1284 716 1350 inveniatur
736 1285 860 1369 syllaba
875 1305 1008 1370 auceps,
1032 1306 1072 1352 ex
1086 1287 1208 1353 numeri

115 1395 191 1476 lege
211 1413 269 1476 pro
289 1391 378 1457 brevi
398 1399 462 1471 est,
487 1397 537 1471 ut,
563 1391 590 1457 si
611 1398 725 1457 natura
744 1391 840 1478 longa
860 1392 916 1473 sit,
941 1395 1046 1460 brevis
1066 1395 1209 1480 syllabae

116 1501 225 1565 locum
240 1504 363 1577 teneat;
386 1498 412 1563 si
428 1499 532 1564 brevis
548 1500 590 1565 sit
603 1506 733 1578 natura,
755 1500 823 1566 iure
843 1521 900 1568 suo
917 1501 1022 1568 brevis
1037 1503 1206 1570 habeatur:

120 1607 211 1672 nulla
225 1605 352 1671 omniuo
368 1613 471 1690 potest
485 1607 677 1690 ambiguitas
691 1609 791 1686 nasci,
810 1609 837 1673 si
854 1630 892 1675 ca
907 1609 1031 1696 syllaba
1045 1618 1094 1678 cst
1108 1610 1210 1695 prima

119 1714 299 1800 anapaesti.
337 1713 420 1778 Nam
442 1713 537 1780 etiam
558 1715 585 1779 si
605 1715 728 1780 iambus
748 1736 805 1800 pes
825 1717 879 1782 ille
900 1717 996 1799 foret,
1021 1739 1084 1784 nou
1103 1725 1211 1804 posset

119 1843 187 1889 non
201 1843 259 1907 pro
274 1820 363 1888 brevi
377 1821 499 1900 haberi,
516 1829 666 1906 tantoque
680 1823 794 1907 magis,
813 1825 887 1908 quia
902 1832 1014 1892 natura
1028 1825 1133 1892 brevis
1149 1831 1209 1905 est,

119 1951 205 2016 quae
220 1930 316 1996 etiam
331 1929 360 1994 si
374 1929 471 2012 longa
484 1933 598 1996 natura
613 1931 704 2010 foret,
727 1952 790 1997 non
805 1933 931 2016 longae,
949 1934 1006 1998 sed
1020 1932 1125 1999 brevis
1140 1932 1211 1999 offi-

120 2040 172 2106 cio
193 2037 339 2104 iunctura
359 2043 454 2102 esset.
490 2036 582 2115 Quod
609 2039 636 2104 si
662 2038 739 2123 quid
764 2060 834 2106 eam
860 2041 1076 2125 ambiguitatis
1096 2040 1213 2107 habere

120 2147 321 2233 putabimus,
346 2146 440 2228 louge
460 2145 493 2211 id
508 2145 573 2211 alia
588 2144 621 2210 in
636 2147 820 2232 repositum
836 2148 910 2226 erit,
936 2168 1035 2232 eaque
1050 2148 1146 2215 etiam
1161 2168 1213 2214 se-

121 2255 219 2320 cundi
240 2254 406 2337 quartique
425 2251 518 2336 pedis
539 2254 706 2320 communi.
746 2255 830 2320 Nam
854 2274 931 2320 saue
949 2249 1102 2322 incisione
1122 2255 1156 2321 in
1175 2275 1214 2320 ea

122 2363 251 2447 syllaba
271 2362 371 2440 facta,
396 2361 475 2426 illud
497 2361 679 2443 ambiguum
702 2367 767 2442 est,
792 2369 893 2428 utrum
916 2383 955 2428 ea
977 2364 1100 2448 syllaba
1115 2369 1212 2430 totam
1308 2345 1312 2352 ¹

121 2470 246 2547 thesin,
270 2489 312 2534 an
332 2473 454 2553 partem
475 2469 689 2535 tantummodo
710 2469 836 2536 theseos
857 2465 1024 2536 contiueat.
1058 2471 1215 2554 utquam

122 2578 252 2664 proprie
274 2577 371 2643 thesis
391 2577 425 2642 iu
446 2597 640 2662 quocumque
661 2577 792 2643 trimetri
815 2578 883 2644 loco
904 2599 968 2644 nna
988 2579 1112 2664 syllaba
1138 2599 1214 2645 cou-

123 2693 211 2752 stare
227 2685 352 2762 debeat,
372 2699 430 2769 par
444 2692 493 2751 est
508 2685 646 2750 omnium
662 2683 777 2770 pedum
793 2685 942 2763 conditio,
960 2693 1006 2766 ut,
1024 2686 1077 2752 ubi
1093 2687 1214 2752 finitum

122 2796 158 2860 iu
175 2813 215 2858 ea
230 2792 354 2878 syllaba
369 2793 556 2858 vocabulum
571 2792 780 2878 reperiamus,
803 2815 866 2861 non
882 2793 961 2859 nibil
976 2793 1160 2860 offensionis
1175 2813 1215 2864 ex

124 2900 308 2968 accessione
333 2900 415 2966 alius
441 2921 504 2966 uon
531 2901 730 2967 necessariae
756 2902 898 2988 syllabae
924 2902 1032 2967 enasci
1057 2901 1236 2968 videatur.'

124 3008 212 3074 Illud
232 3028 306 3075 vcro
321 3013 405 3074 reete
419 3007 501 3073 vidit
514 3009 691 3092 Reisigius,
715 3010 865 3077 maiorem
885 3010 1168 3095 interpunctionem
1182 3011 1215 3075 iu

126 3115 185 3181 illa
204 3115 328 3200 syllaba
349 3115 466 3182 iactam
480 3115 650 3200 aliquando
666 3115 802 3182 tuendae
823 3115 870 3181 illi
885 3135 1036 3183 caesurae
1050 3117 1212 3184 inservire.

127 3225 176 3290 Ac
191 3229 334 3288 senserat
353 3223 424 3301 ille,
448 3243 529 3307 quae
550 3243 664 3289 caussa
684 3229 768 3289 esset
787 3221 880 3289 huius
900 3222 963 3302 rei;
992 3225 1048 3290 sed
1068 3225 1217 3308 quoniam

127 3332 162 3398 in
178 3351 217 3396 ea
231 3330 420 3416 explicanda
435 3352 455 3395 a
470 3351 556 3410 vcro,
574 3337 608 3398 ut
623 3351 682 3414 ego
698 3330 824 3415 quidem
839 3330 984 3410 arbitror,
1001 3333 1214 3411 aberraverat,

127 3439 197 3504 fieri
212 3459 275 3505 non
290 3445 424 3522 poterat,
442 3438 517 3522 quio
533 3439 659 3505 diversa
673 3438 903 3522 permiscendo,
925 3437 959 3504 id
974 3439 1059 3522 quod
1073 3441 1218 3508 omnibus

129 3546 306 3624 acciderat,
330 3545 383 3628 qui
403 3545 485 3610 banc
505 3565 571 3612 rem
587 3545 834 3630 disputavimus,
860 3547 955 3611 ctiam
971 3567 1052 3631 quae
1067 3569 1130 3614 nou
1147 3554 1219 3614 sunt

128 3653 304 3738 probanda,
323 3652 451 3718 defendi
467 3672 561 3736 posse
576 3655 781 3718 existimaret.
812 3653 876 3718 Res
891 3653 970 3719 baec
986 3660 1044 3720 est.
1076 3656 1217 3723 Offensio

131 3761 233 3828 omnis
248 3759 282 3826 in
298 3780 335 3825 ec
351 3760 454 3844 posita
470 3766 533 3838 cst,
558 3760 659 3843 quod,
682 3761 924 3846 quuur·dipodia
939 3782 996 3846 per
1010 3771 1218 3848 anapaestum

130 3868 257 3936 citatius
278 3868 443 3934 decurrere
465 3868 595 3945 debeat,
623 3867 695 3934 finis
720 3869 808 3934 verbi
833 3869 867 3934 in
892 3868 1026 3953 primam
1052 3872 1217 3956 anapaesti

130 3976 288 4061 syllabam
307 3974 451 4040 incidens
478 3974 658 4041 celeriorem
679 3975 767 4041 illum
789 3975 910 4046 uumeri
932 3975 1098 4046 decursum
1118 3995 1219 4066 pausa

130 4086 218 4154 iacta
231 4082 430 4167 interrumpit
445 4089 476 4148 et
491 4081 646 4151 retardat:

219 4185 293 4238 ῦέυ
310 4187 314 4279 p
331 4203 379 4240 υ.
