2896 4960
243 299 302 360 118
631 317 687 360 uu.
706 318 738 360 u.
771 317 835 360 can.
854 316 930 362 uu.

240 469 327 532 Pind.
350 470 398 532 Ol.
418 470 494 533 XIV.

326 585 401 652 αἵτε
422 580 532 652 ναλεσε
553 579 767 652 καλλίπωλον
789 581 898 672 ἕδραν.

240 713 274 772 ln
294 710 363 772 basi
384 729 445 772 non
465 711 590 770 memini
612 709 822 791 pyrrhichium
842 711 991 772 invenire.
1027 712 1127 774 Ceteri
1141 710 1239 790 pedes
1254 713 1326 790 puri

112 797 123 804 ’
240 821 413 876 servantur.
446 812 584 877 Catullus
605 814 639 873 in
661 812 725 874 solo
748 814 882 875 carmine
905 816 978 894 LV„
1004 813 1045 876 ad
1068 814 1152 894 quod
1171 811 1328 894 pertinere

240 919 333 979 etiam
354 915 461 978 decem
482 935 608 997 versus,
636 917 689 996 qui
709 916 741 976 in
757 915 862 977 codice
880 936 912 998 p.
933 919 984 996 28,
1009 918 1145 979 tl-30.
1165 918 1323 998 leguntur,

241 1022 455 1083 Lachmannus
475 1021 607 1100 monuit,
632 1020 793 1100 aliquoties
812 1039 868 1100 pro
883 1019 1003 1100 dactylo
1018 1019 1193 1102 spondeum
1208 1023 1325 1100 posuit,
1419 1063 1420 1096 y

242 1123 282 1186 de
292 1124 445 1188 industria
460 1123 535 1206 ipsis
550 1124 687 1186 numeris
703 1143 736 1184 se
748 1121 908 1203 fatigatum
920 1123 1121 1204 quaeritando
1136 1122 1325 1188 ostendens:

327 1243 450 1307 dromus
464 1247 493 1308 si
505 1242 583 1324 forle
597 1262 657 1305 mom
672 1244 823 1306 molestum
838 1251 891 1306 est.

242 1367 286 1428 Eo
307 1365 359 1426 ille
374 1366 505 1428 Graecos
528 1366 669 1428 metricos
684 1363 845 1446 refutavit,
873 1364 926 1446 qui
948 1363 1084 1445 spondeo
1104 1321 1242 1429 admisso
1264 1385 1329 1428 non

242 1478 385 1550 poterant
398 1470 478 1530 hanc
492 1469 585 1531 huius
600 1469 690 1530 metri
705 1467 834 1531 formam
849 1469 1033 1532 constituere
1045 1489 1051 1530 z

329 1603 426 1636 ..υ-υ
439 1585 443 1675 Ι
456 1601 550 1636 υ.υ.
564 1585 568 1673 Ι
580 1602 629 1635 υ.

328 1705 377 1739 υ-

329 1808 380 1842 W

242 2023 277 2082 ln
298 2019 408 2084 eodem
423 2018 535 2083 Catulli
556 2020 707 2102 carmine,
732 2020 816 2101 quod
837 2020 910 2084 alibi
928 2041 991 2084 non
1005 2022 1134 2103 iactum,
1161 2025 1246 2088 basis
1267 2027 1327 2088 tn·-

245 2125 394 2186 brachum
409 2123 504 2186 hahet
518 2124 550 2184 in
565 2124 622 2186 hoc
636 2142 746 2187 versu:
829 2200 831 2204 ,

332 2245 503 2308 Camertum
518 2244 593 2306 miti
605 2246 753 2326 pessimae
765 2244 893 2326 puellae.

242 2365 328 2430 ldem
343 2373 432 2448 pocta
447 2365 586 2428 ultimam
601 2384 712 2429 versus
726 2366 915 2446 hypermetri
930 2366 1081 2446 syllabam
1097 2370 1128 2430 in
1144 2380 1324 2451 sequentem

244 2489 370 2534 versum
385 2471 465 2533 elisit
480 2472 541 2532 XL.
562 2472 591 2532 l.
1425 2466 1426 2548 l

330 2610 480 2674 quamam
496 2599 523 2654 te
538 2591 623 2654 molo
637 2609 729 2670 mem,
749 2591 860 2654 miselle
875 2591 998 2672 sealde,

331 2695 413 2777 aryit
425 2694 619 2776 praecipitem
635 2695 667 2756 m
681 2713 760 2758 meos
775 2695 901 2757 iambos.

329 2896 446 2982 5357.
471 2898 565 2981 Apud
579 2903 708 2982 tragicos
723 2921 815 2983 saepe
830 2903 880 2965 hic
894 2921 1003 2967 versus
1019 2903 1183 2987 invenitur,

330 3014 516 3108 δηξλλνμσν
539 3012 658 3106 ἔρωτος
680 3009 795 3096 ἄνθος.

244 3143 354 3207 Aesch.
378 3141 433 3223 Ag.
458 3140 530 3205 752.
571 3145 631 3218 Qui
657 3143 712 3207 ubi
736 3144 875 3208 iambum
900 3147 949 3208 vel
976 3146 1148 3228 spondeum
1175 3150 1216 3211 ab
1243 3153 1325 3214 initio

246 3247 348 3326 habet,
367 3245 522 3308 interdum
537 3266 600 3309 non
616 3248 818 3329 logaoedicus,
838 3249 894 3312 sed
908 3250 965 3314 hoc
979 3270 1108 3319 numere
1123 3260 1179 3332 cst,

331 3361 431 3413 OLLO
444 3364 449 3452 Ι
460 3365 583 3414 νίν-υ

244 3487 354 3552 Aesoh.
374 3487 429 3569 Ag.
449 3487 521 3550 749.
542 3488 614 3550 762.

332 3600 517 3673 ἀκασκαῖον
538 3597 671 3692 ἄγαλμα
693 3603 840 3672 πλούτου

331 3711 543 3795 τεκνοῦσθαι,
568 3704 644 3798 μηδ’
666 3701 799 3775 ἄπαιδα
821 3707 986 3800 θνήσκειν.

331 3919 355 4001 9
377 3915 454 3986 358.
490 3922 557 3982 Vna
578 3919 699 4001 syllaba
721 3920 837 4001 longior
858 3923 907 3984 hic
928 3933 976 3986 est
998 3923 1081 4004 apud
1105 3927 1191 3991 Pind.
1217 3929 1318 3992 lsthm.

246 4023 307 4088 Vll.
326 4024 416 4107 epod.
438 4029 466 4086 l.

331 4136 458 4230 μορίων
479 4135 606 4227 ἑτάρων
627 4137 661 4218 ἐς
682 4136 796 4230 Ἄργος
818 4140 949 4209 ἵππιον.
