2896 4960
282 382 342 443 116
669 400 733 450 rra..
745 401 777 442 n.
811 399 969 442 mr.xx1x.

366 549 482 634 §alt
515 554 825 634 Pentametrum‚
844 554 958 615 rectius
971 560 1205 630 tetrametrum,
1224 557 1350 610 acata-

279 658 439 719 lectum.
476 657 615 737 Sappho:

365 768 497 863 ἧράμαν
517 771 578 858 μὲν
601 770 664 861 ἐγὼ
686 770 796 856 σέθεν,
817 767 930 854 ticet,
953 767 1061 838 πάλαι
1083 768 1187 838 ndum.
1299 821 1302 838 .

280 895 410 962 Alcaeus
425 918 474 979 ap.
494 897 648 981 Aristoph.
667 901 757 979 Vesp.
779 899 871 963 4232.
898 899 1023 960 Theocr.
1042 915 1135 958 carm.
1157 896 1267 958 XXIX.

363 1103 480 1188 5348.
517 1108 814 1187 Hexametrum,
840 1107 953 1169 rectius
975 1113 1222 1188 pentametrum,
1249 1108 1352 1163 cata-

277 1211 470 1308 lecticum
497 1212 536 1272 in
565 1209 833 1291 disyllabum,
868 1228 960 1292 quem
987 1210 1102 1271 metrici
1127 1215 1252 1270 veteres
1283 1195 1353 1274 ἔπος

276 1305 444 1377 Αἰολικὸν
458 1321 584 1376 vocant:

253 1439 257 1446 '
362 1426 506 1515 κέλομαί
525 1455 600 1498 τινα
621 1427 679 1496 τὸν
699 1427 855 1518 χαρίεντα
876 1426 1022 1496 Μένωνα
1043 1425 1219 1509 καλέσσαι,

363 1531 395 1602 εἰ
416 1529 476 1624 χρὴ
499 1529 691 1618 συμποσίας
712 1527 764 1601 ἐπ’
788 1527 903 1601 ὄνασιν
924 1531 998 1618 ἐμοὶ
1018 1536 1230 1620 γεγενῆσθαι.

361 1740 483 1825 5349.
524 1745 646 1825 Plures,
679 1755 709 1807 et
739 1745 888 1825 quosdam
913 1745 1092 1827 praelongos
1117 1743 1215 1806 huius
1243 1735 1349 1821 generis

276 1865 398 1929 versus,
433 1849 490 1911 sed
519 1847 662 1910 admissis
687 1850 795 1911 Dorico
825 1869 908 1912 more
938 1850 1030 1911 etiam
1060 1846 1223 1928 spondeis,
1258 1839 1349 1922 posuit

274 1949 445 2033 Aeschylus
466 1953 498 2012 in
520 1951 619 2014 Persis
640 1973 671 2015 v.
692 1955 764 2016 866.
784 1971 871 2034 seqq.
897 1953 937 2016 de
958 1951 1073 2033 quibus
1093 1969 1123 2012 v.
1143 1950 1244 2012 Elem.
1264 1945 1294 2008 d.
1312 1961 1345 2003 m·

274 2073 306 2136 p.
327 2058 398 2122 363.
418 2074 504 2138 seqq.
563 2077 566 2082 ·

661 2263 969 2276 -——-—n·-—-—

673 2397 786 2530 cm.
804 2461 955 2532 xxm.

410 2719 417 2724 ἓ
487 2612 545 2682 De
572 2594 814 2708 dactylicis
841 2612 1131 2706 logaoedicis.

358 2778 473 2861 5350.
506 2783 870 2863 Logaoediciversus
886 2783 958 2846 dicti
974 2791 1061 2864 sunt,
1087 2783 1140 2862 qui
1156 2780 1197 2844 ob
1215 2768 1343 2854 dactylici
1413 2797 1414 2856 y

272 2894 304 2944 et
319 2885 462 2945 trochaici
476 2887 597 2946 numeri
613 2889 855 2949 coniunctionem
872 2885 964 2948 medii
986 2889 1064 2948 inter
1079 2893 1205 2947 cantum
1222 2892 1253 2944 et
1267 2894 1341 2940 corn·

272 3005 397 3048 munem
421 3006 592 3049 sermonem
615 2989 804 3075 viderentur.
835 2991 869 3050 ln
892 3009 953 3069 quo
974 3009 1084 3071 genere
1104 2981 1193 3050 metri
1211 2983 1337 3067 quonian
1413 3025 1414 3052 y

272 3088 386 3170 dactyli
408 3099 439 3152 et
460 3092 593 3154 trochaei
615 3111 677 3154 uno
700 3093 806 3155 ordine
825 3093 979 3172 periodico
1002 3093 1235 3172 continuantur,
1260 3095 1340 3168 purat

271 3195 446 3255 conservari
461 3193 600 3276 dactylos
616 3185 855 3260 consentaneum
871 3205 927 3259 est.

779 3357 781 3360 ·
1412 3319 1413 3370 l

355 3401 379 3484 ἐ
393 3401 471 3470 351.
501 3405 684 3486 Plerumque
699 3405 822 3469 duohus
838 3405 987 3467 trochaeis
1003 3404 1216 3465 terminantur.
1243 3401 1279 3463 vt
1291 3391 1339 3456 Μ’

270 3505 373 3568 caicus
389 3527 499 3570 ‘versus
514 3510 599 3591 apud
614 3511 886 3590 Hephaestionem:
1412 3559 1413 3600 ρ

234 3663 238 3674 ·
355 3619 414 3689 καί
435 3648 486 3704 τις
508 3620 560 3692 ἐπ’
583 3625 789 3710 ἐσχατιαῖσιν
812 3623 926 3709 οἰκεῖς,

268 3756 299 3808 οι
314 3747 498 3812 Praxilleus:

355 3855 380 3930 α’
405 3863 463 3932 διὰ
484 3871 551 3932 τῶν
571 3863 722 3955 θυρίδων
743 3867 844 3934 καλὸν
867 3863 1085 3952 ἓμβλέοιοιοα,
1411 3913 1412 3962 y

353 3968 504 4058 παρθένε
526 3966 587 4037 τὰν
607 3969 768 4062 nequicia,
790 3968 832 4038 τὰ
854 3964 883 4035 δ’
907 3967 1023 4058 ἔνερθε
1044 3969 1166 4062 νύμφα.
1411 3971 1412 4036 l

352 4177 463 4261 5352.
483 4182 608 4246 Formae
621 4181 1185 4264 logaoedicaeinveniunturplurimae.
1205 4177 1330 4250 Aeschr

268 4283 315 4345 lus
336 4283 367 4344 in
389 4287 486 4347 Prom.
509 4289 762 4348 connumerem
784 4285 919 4350 condidit
941 4307 978 4346 ex
996 4287 1145 4348 trochaico
1161 4285 1331 4348 monomett0
