2930 4962
573 371 610 412 Dll
626 371 761 413 CAESURA.
823 393 826 400 ·

545 617 659 688 OAP.
678 615 789 686 vm.

494 769 559 840 De
595 789 833 839 caesura.

209 935 233 1016 ᾖ
247 932 302 1000 56.
337 938 440 1000 Oratio
457 941 523 1020 ipsa
538 957 595 1020 per
609 956 642 998 se
658 955 823 999 numerum
839 936 947 1015 habet,
976 938 1048 1016 quia
1064 938 1130 999 sine
1146 957 1211 999 nu-

120 1059 207 1102 meru
230 1058 333 1119 neque
352 1040 491 1118 syllabae
513 1043 546 1103 in
567 1061 676 1120 voces,
701 1059 804 1121 neque
819 1057 911 1102 voces
930 1041 961 1100 in
985 1040 1211 1121 complexiones

119 1143 289 1206 verborum
301 1145 454 1223 ooniungi,
469 1154 501 1205 et
515 1146 555 1207 ab
571 1165 605 1208 se
615 1143 747 1206 invioem
764 1143 910 1222 distingui
924 1153 1062 1222 possent.
1089 1142 1211 1214 Quam-

119 1247 227 1308 obrem
255 1247 350 1308 oratio
375 1247 519 1310 versibus
545 1248 766 1326 comprehensa
793 1248 833 1308 ita
864 1245 1051 1308 moderanda
1079 1255 1142 1324 εει,
1175 1230 1211 1306 ut
1257 1288 1261 1301 ,

117 1353 218 1432 ipsius
243 1351 366 1412 numeri
388 1369 458 1412 oum
481 1351 619 1414 numeris
641 1369 789 1412 versuum
806 1359 991 1429 congruant,
1018 1367 1119 1429 noque
1134 1349 1212 1410 alter

120 1473 273 1516 numerus
288 1454 420 1516 alterum
436 1454 530 1518 tollat.
565 1454 599 1516 ld
614 1455 649 1516 fit
664 1471 841 1531 caesura,
860 1452 1013 1531 syllaba
1029 1453 1206 1532 ancipiti,

122 1556 315 1636 prosodia.

207 1762 302 1846 557.
336 1765 509 1828 (laesura
532 1765 598 1826 sive
614 1765 769 1843 incisio,
795 1781 889 1842 quarn
906 1763 1012 1825 Graeci
1028 1755 1131 1847 τομὴν
1147 1782 1209 1824 vo-

121 1877 210 1947 cant,
233 1868 260 1930 is
283 1869 369 1929 loeus
392 1869 424 1928 in
447 1885 540 1929 versu
561 1875 623 1946 est,
649 1865 704 1927 ubi
727 1863 802 1926 ordo
824 1866 936 1945 aliquis
952 1865 1066 1928 finitur.
1102 1866 1209 1946 ltaque

122 1971 243 2049 proprie
259 1980 303 2034 tot
318 1989 462 2032 caesuras
478 1971 571 2032 babet
586 1987 709 2048 uersus²
730 1977 805 2048 quot
819 1967 959 2048 ordines,
979 1969 1038 2030 nisi
1054 1968 1137 2049 quod
1153 1971 1208 2032 ul-

126 2073 192 2132 timi
207 2071 316 2136 ordinis
332 2075 441 2153 finem,
466 2075 519 2153 qui
535 2073 628 2134 simul
644 2072 714 2132 finis
729 2080 777 2132 est
792 2073 885 2132 totius
902 2089 1027 2150 versus,
1048 2089 1207 2134 caesuram

127 2173 187 2236 dioi
201 2193 258 2238 noo
273 2195 365 2256 posse
381 2185 518 2256 apparet.

205 2379 302 2464 558.
340 2385 439 2447 Versu
464 2402 520 2464 per
544 2382 638 2445 verba
666 2400 813 2462 expresso
839 2399 1008 2442 caesura
1035 2383 1208 2468 appellatur

118 2488 188 2548 finis
204 2489 344 2568 numeri,
371 2489 424 2568 qui
446 2489 478 2546 in
493 2485 597 2548 verbis
613 2496 676 2565 εει,
701 2487 733 2546 in
753 2477 846 2546 finem
862 2483 977 2546 ordinis
992 2485 1110 2545 metrici
1126 2487 1207 2546 inoi-

116 2589 208 2653 dens.
242 2587 286 2651 Αε
307 2590 493 2670 plerumque
515 2586 577 2651 nori
600 2591 826 2668 cuiuscumque
849 2589 965 2648 metrici
989 2586 1122 2668 ordinis,
1150 2588 1205 2650 sed

115 2696 229 2772 unius,
256 2694 345 2755 euius
366 2694 459 2754 finem
480 2694 646 2775 praecipue
668 2694 766 2754 notari
788 2710 846 2771 par
867 2700 928 2770 est,
955 2691 1128 2752 terminatio
1144 2691 1205 2752 fine

118 2798 289 2858 sententiae
304 2797 354 2858 vel
370 2797 514 2858 vocabuli
530 2795 609 2857 lacta
625 2793 812 2874 intelligitur.

203 3000 298 3086 559.
329 3002 419 3077 Quod
435 3005 460 3066 si
476 3005 507 3064 in
523 3003 625 3065 medio
640 3020 734 3064 versu
748 3019 914 3064 numerum
929 3001 1096 3064 verborum
1113 3003 1205 3064 simul

116 3127 189 3169 curn
205 3109 332 3170 metrico
346 3127 477 3170 numero
492 3105 572 3168 finiri
588 3107 745 3187 convenit,
771 3115 912 3185 apertum
936 3115 983 3167 est
997 3107 1094 3167 multo
1109 3108 1205 3186 magis

114 3210 148 3272 id
165 3212 232 3272 fieri
247 3211 361 3273 debere
376 3212 409 3271 in
424 3212 517 3272 totius
531 3227 642 3272 versus
665 3211 736 3271 fine.
768 3211 869 3282 Quare
887 3227 995 3272 versus
1011 3211 1128 3290 integro
1143 3229 1204 3271 vo-

115 3316 229 3378 cabulo
245 3315 325 3377 finiri
339 3333 398 3395 par
412 3324 469 3376 est.

202 3519 297 3604 560.
331 3524 465 3587 Caesura
481 3521 715 3583 necessaria
732 3530 789 3600 εει,
801 3509 895 3600 'quae
911 3498 1056 3581 maiorem
1072 3538 1202 3599 pausam

114 3627 262 3707 requirit,
289 3646 383 3708 quam
406 3635 441 3688 ut
455 3625 521 3688 sine
544 3625 637 3685 totius
652 3625 774 3684 numeri
790 3622 951 3703 dispendio
967 3623 1078 3703 negligi
1093 3625 1199 3703 possit.

115 3730 223 3804 Qualis
239 3749 365 3794 caesura
381 3732 406 3792 si
423 3727 548 3810 quando
563 3728 734 3808 negligitur,
754 3737 835 3789 oerte
850 3737 985 3806 curatur,
1012 3736 1047 3787 ut
1062 3727 1093 3788 id
1109 3747 1127 3789 a
1142 3747 1203 3788 vo—

114 3834 227 3897 cabulo
248 3835 413 3916 composito
435 3830 552 3913 aliquid
574 3832 780 3893 excusationis
800 3830 927 3911 babeat,
954 3840 990 3893 ut
1004 3829 1089 3911 apud
1105 3829 1203 3893 Calli-

114 3939 262 4001 machum
283 3938 390 4018 fragm.
412 3938 482 4012 192.

203 4034 277 4123 ἱερὰ
292 4041 349 4103 νῦν
363 4035 402 4102 δὲ
416 4039 502 4113 Διος
518 4036 522 4123 Ι
538 4031 702 4122 nataturo
717 4033 818 4122 γενεή.

116 4147 195 4206 Non
218 4145 447 4208 necessaria
467 4152 529 4222 εει,
556 4162 617 4223 qua
637 4141 776 4221 neglecta
798 4158 860 4202 non
883 4141 1031 4202 evertitur
1052 4155 1200 4200 numerus

116 4250 273 4311 metricus.

169 4365 290 4407 Hermanni
299 4365 399 4416 apiano
410 4365 479 4406 doctr.
489 4364 599 4405 metricas.
977 4362 992 4410 2
