2922 4948
405 371 442 412 ne
459 371 632 414 srsrmmns
649 374 950 417 nnrrsraernmenvn.
1163 362 1225 422 247

226 520 342 605 5685,
372 517 453 587 Ἀπὸ
476 526 596 611 σκηνῆς
612 536 759 590 vocantur
773 531 892 608 onmia,
917 549 997 609 quae
1012 532 1053 594 ah
1072 532 1225 598 actoribus

136 629 190 690 vel
208 630 376 691 recitantur
390 631 441 690 vel
464 639 626 693 canuntur.
654 631 829 711 horumce,
848 651 927 713 quae
943 645 1106 716 canuntur,
1124 637 1226 700 inter-

137 733 218 795 dum
233 721 466 813 ἀπολελυμένα
487 742 576 813 sunt,
604 733 659 796 sed
681 734 873 818 frequentius
893 739 1110 822 antistrophica
1124 742 1226 804 artih—
1295 809 1297 816 s
1375 708 1377 717 ,

136 838 253 901 eiosius
267 836 424 919 disposita.

224 1067 341 1152 5686.
369 1073 448 1134 Raro
469 1072 553 1158 solus
576 1073 688 1136 chorus
711 1075 742 1134 in
757 1084 860 1155 partes
876 1073 994 1139 divisus
1009 1079 1225 1159 antistrophiea

136 1176 233 1238 hahet
247 1176 408 1239 artificioso
424 1175 530 1238 ordine
544 1178 707 1259 implicata.
735 1178 921 1259 Exemplum
937 1181 1062 1243 allatum
1078 1180 1096 1264 ᾗ
1113 1185 1184 1244 682.

224 1409 248 1491 ξ
263 1406 341 1476 687.
367 1411 452 1472 Patet
467 1411 542 1472 haec
557 1413 844 1494 antistrophicorum
859 1415 1049 1496 complicatio
1064 1415 1222 1496 latissime,
1274 1482 1277 1492 ,

138 1525 172 1578 ut
188 1533 250 1576 non
265 1513 355 1577 modo
367 1515 505 1596 singulae
517 1517 670 1596 strophae,
686 1516 743 1579 sed
757 1536 849 1599 saepe
864 1519 955 1580 etiarn
968 1519 1055 1600 plura
1069 1541 1108 1582 ex
1122 1522 1225 1584 multis

137 1619 272 1700 strophis
288 1620 453 1700 composita
470 1628 637 1698 systemata
650 1621 700 1682 vel
715 1620 836 1684 adnexa
851 1621 921 1701 sihi,
943 1623 989 1684 vel
1006 1625 1086 1686 inter
1098 1644 1131 1686 se
1147 1645 1227 1686 eon-

137 1725 240 1786 iuncta
256 1724 326 1786 sint.

223 1951 340 2038 §08ss.
382 1957 557 2035 Numquam
591 1957 674 2019 enim
704 1967 819 2022 temere
848 1968 879 2020 et
907 1960 974 2020 sine
1004 1971 1086 2024 certo
1120 1962 1226 2025 ordine
1302 2027 1307 2038 ,

138 2069 233 2140 atque
263 2059 384 2139 aequali
412 2061 606 2140 proportione
633 2061 690 2122 hae
719 2062 913 2142 stropharum
938 2063 1145 2144 copulationes
1176 2067 1227 2128 la-

138 2173 205 2224 ctae
221 2171 305 2225 sunt.
339 2161 401 2225 Sed
416 2163 571 2227 interdum
586 2162 710 2228 diflicila
725 2174 790 2244 est,
814 2166 893 2228 hanc
908 2168 1122 2247 aequalitatem
1139 2189 1228 2230 eom-

134 2267 330 2349 parationum
355 2266 513 2346 invenire,
547 2276 601 2331 aut
631 2268 788 2330 inventam
820 2270 861 2332 ita
883 2271 1053 2354 explicare,
1085 2282 1121 2335 ut
1145 2275 1226 2336 clare

135 2378 293 2453 appareat.
328 2369 417 2443 Quod
432 2381 537 2434 tamen
553 2373 763 2434 necessarium
779 2381 842 2452 est,
870 2376 941 2454 quia
957 2376 1046 2438 aliter
1068 2395 1129 2437 nen
1146 2387 1226 2439 reete
1335 2409 1338 2420 ν

135 2474 301 2536 constituta
323 2492 392 2536 esse
415 2475 633 2556 antistrophica
657 2475 845 2556 intelligitur.
887 2462 1008 2559 Optima
1032 2489 1063 2542 et
1084 2479 1226 2542 facillima

135 2587 167 2639 et
182 2577 386 2640 inveniendae
415 2587 453 2642 et.
469 2577 727 2642 demonstrandae
749 2580 842 2644 huius
864 2583 1059 2662 aequalitatis
1079 2585 1129 2645 via
1152 2584 1227 2646 haee

131 2677 262 2746 'videtur
297 2701 380 2762 esse,
422 2684 448 2744 si
483 2683 622 2763 singulae
660 2681 807 2764 deinceps
843 2686 987 2766 strophae
1018 2695 1110 2767 atque
1141 2691 1227 2750 anti-

134 2786 278 2867 strophae
294 2806 331 2847 eo
352 2785 475 2864 ordine,
502 2806 564 2867 quo
586 2805 654 2850 sese
677 2788 709 2848 in
739 2789 873 2850 carmine
896 2807 1021 2870 quoque
1052 2793 1220 2873 excipiunt,

136 2891 216 2951 netis
228 2888 415 2969 quibusdam
428 2889 612 2970 indicantur,
628 2891 817 2972 antistropha
827 2911 952 2975 quaque
964 2893 1115 2975 eamdem,
1131 2915 1226 2976 quam

135 2992 277 3074 stropha,
303 3003 406 3055 notam
427 2993 578 3074 habente,
605 3013 721 3075 eaeque
737 3005 827 3058 notato
842 2995 970 3078 deiude,
998 3018 1078 3080 quae
1099 2998 1226 3062 eaedem

136 3106 220 3176 sunt,
239 3097 327 3158 lineis
343 3097 621 3162 semicircularihus
634 3099 879 3179 coniunguntur:
899 3120 961 3181 qua
978 3103 1093 3166 ratione
1105 3105 1225 3185 pictura

135 3201 292 3262 enascitur
315 3202 486 3264 luculenter
505 3203 665 3282 aequalem
687 3204 821 3284 partium
842 3206 1069 3286 proportionem
1097 3209 1227 3288 conspi-

135 3301 276 3368 ciendam
292 3306 454 3368 exhibens.

221 3537 246 3618 ᾗ
260 3535 338 3602 689.
366 3540 434 3602 Fuit
446 3548 548 3600 autem
562 3549 683 3602 tantum
699 3541 729 3600 in
742 3542 839 3621 poetis
855 3540 915 3602 illis
931 3541 1069 3605 studium
1082 3544 1226 3622 aequali-

136 3644 217 3728 tetis,
237 3652 272 3704 ut
287 3644 377 3705 etiam
390 3662 592 3725 personarum
610 3644 691 3704 vices
703 3642 811 3706 eadem
823 3643 988 3726 diligentia,
1008 3665 1068 3727 qua
1085 3648 1226 3729 strophas

136 3755 167 3806 et
182 3756 278 3808 metra
295 3747 495 3828 disponerent
510 3757 540 3809 et
555 3750 635 3810 inter
650 3750 733 3829 ipsas
748 3759 975 3830 exaequarent,
995 3770 1078 3814 nunc
1092 3753 1125 3813 in
1140 3752 1226 3813 anti-

136 3853 260 3934 stropha
282 3852 390 3914 codem
415 3852 536 3931 ordine,
571 3872 632 3932 quo
656 3853 687 3913 in
711 3854 853 3934 stropha,
882 3858 1079 3917 nuncetiam
1102 3857 1225 3917 inverso

137 3957 259 4035 ordine,
279 3975 439 4036 quumque
455 3957 487 4017 in
502 3955 611 4020 mediis
628 3956 771 4018 versibus
797 3966 956 4019 mutantur
977 3977 1140 4038 personae,
1167 3979 1225 4020 eo-

136 4059 206 4121 dem
229 4059 392 4140 utrebique
414 4060 445 4120 in
467 4061 546 4142 pede
568 4059 719 4141 pedisque
743 4061 816 4122 loco.
856 4061 942 4123 Vnde
963 4081 1056 4142 saepe
1080 4062 1155 4123 haee
1175 4081 1224 4124 res
1339 4069 1342 4074 “

136 4160 281 4225 indicium
312 4163 384 4225 lacit
418 4183 620 4244 personarum
650 4166 729 4226 male
759 4165 790 4224 in
820 4163 977 4225 codicibus
1008 4164 1220 4226 iudicatarum.

135 4269 285 4350 Exemplo
301 4269 342 4330 sit
362 4286 502 4349 carmen,
527 4268 611 4349 quod
626 4279 675 4334 est
694 4269 727 4330 in
743 4267 914 4332 Troadibus
934 4289 952 4330 a
973 4287 1001 4330 v.
1024 4267 1115 4331 laet.
1143 4267 1227 4350 qued
