2896 4960
282 367 323 428 90
451 385 453 388 ·
686 379 742 422 nra.
764 379 795 420 ιι.
831 377 893 419 ιιι.
914 377 971 417 ιιι.

368 533 485 618 5265,
512 537 622 599 Rarius
638 533 700 596 duo
715 531 849 598 trochaei
865 531 910 592 sio
924 529 1005 590 inter
1015 528 1153 607 dactylos
1170 525 1259 588 medii
1273 533 1345 586 sunt:

284 649 319 704 ut
333 643 364 702 in
381 642 481 702 Orest.
504 641 575 700 480.

370 747 572 840 διοιχόμεθ’,
596 744 774 838 οἰχόμεθα.
800 745 928 816 κτύπον
948 742 1089 840 ἠγάγετ’,
1114 741 1189 831 οὐχὶ
1211 729 1293 834 σῖγα,

368 862 446 946 σῖγα
469 853 725 949 φυ-λασσομένα
748 850 924 938 πόματος.
966 925 967 928 ¹

282 987 322 1048 Et
335 985 418 1048 alibi.

367 1192 390 1273 ξ
406 1188 483 1254 266.
512 1192 610 1268 Saepe
626 1190 718 1251 etiam
734 1186 848 1268 dactyli
864 1188 895 1248 in
912 1187 994 1248 arsin
1011 1187 1165 1248 terminati
1181 1181 1353 1266 praecedunt

282 1296 485 1358 dochmiacos.
519 1294 625 1373 Eurip.
646 1293 717 1352 llec.
740 1291 832 1353 4402.

367 1406 389 1500 ἢ
412 1406 548 1532 Σείριος
563 1405 649 1532 abdo
663 1405 770 1497 πυρὸς
784 1405 931 1498 φλογέας
945 1400 1049 1497 ἀφίη-

370 1537 422 1581 σιν
437 1536 546 1580 occos
562 1535 675 1599 αυγας.

368 1726 391 1807 ξ
406 1722 483 1790 267.
511 1726 650 1805 Denique
664 1723 822 1787 ¹interdurn
839 1725 932 1786 etiam
947 1721 1104 1802 spondeus
1113 1740 1206 1783 nunc
1219 1714 1356 1799 praecedit

282 1831 475 1910 dochmium,
495 1848 579 1891 nunc
594 1827 704 1890 modiis
721 1825 869 1890 dochmiis
885 1827 1040 1890 inseritur.
1074 1823 1184 1886 hosch.
1207 1826 1238 1885 S.
1259 1820 1297 1910 ad
1310 1819 1352 1880 Th.

284 1937 333 1995 78.
368 1933 473 2013 Eurip.
495 1930 604 2000 Troad.
626 1934 698 1994 963.

368 2045 666 2139 θρεῦμαι-φαβερὰ
685 2041 801 2135 μεγάλ’
824 2039 898 2134 dyo.

367 2149 559 2239 ταύταν-τῷ
574 2147 683 2230 πάλος
698 2147 845 2236 ἐζευξενς

282 2281 343 2341 lon.
367 2281 458 2340 4499.

366 2392 596 2460 καταδεθεῖσα
612 2386 1011 2480 σὰν-ψυχὰν-ἅαὲβαλον,·
1022 2387 1144 2458 τέκνον.

282 2521 341 2594 Οιιί
357 2518 514 2601 spondens
530 2516 655 2580 videtur
669 2516 830 2580 trochaeus
847 2525 1005 2580 somantus
1021 2534 1099 2579 osse.
1199 2577 1202 2580 .

370 2722 482 2806 5268.
509 2727 668 2788 Praeterea
680 2727 771 2788 etiam
785 2725 877 2805 duae,
897 2735 970 2806 tres,
986 2734 1132 2807 quattuor
1142 2725 1256 2788 breves
1273 2719 1355 2800 sylla-

283 2832 341 2892 bae
358 2827 447 2891 modo
463 2828 653 2908 praecedunt
669 2828 860 2909 dochmium,
880 2828 972 2891 modo
988 2827 1106 2890 medios
1119 2830 1200 2892 inter
1217 2821 1355 2892 dochmios

282 2933 484 2995 collocantur:
504 2951 583 3012 quae
599 2951 660 3012 quo
676 2951 805 2994 numero
821 2934 899 3012 sint,
918 2951 1010 3012 saepe
1026 2925 1209 3012 ambiguum
1225 2939 1280 2994 cst.
1312 2923 1355 2986 Vl·

281 3036 396 3099 dentur
417 3043 522 3098 autern
544 3043 575 3097 et
596 3036 653 3096 hae
674 3034 830 3116 syllabae,
856 3045 903 3116 et,
928 3034 967 3096 de
983 3054 1044 3116 qua
1068 3034 1157 3096 modo
1174 3035 1291 3097 dictum
1308 3033 1350 3100 est,

282 3115 408 3221 dactyli,
420 3148 486 3201 tum
499 3139 591 3200 etiarn
603 3137 737 3200 trochaei
749 3136 940 3218 aliorumque
953 3137 1157 3219 quorumdam
1170 3145 1355 3201 numerorum

282 3263 353 3306 oum
374 3241 523 3304 dochmiis
546 3242 745 3320 consociatio,
771 3261 787 3302 e
813 3243 1114 3323 paraoataloge,
1146 3260 1240 3322 quarn
1263 3229 1355 3300 musici

281 3354 409 3437 vocant,
430 3345 611 3427 explicanda
628 3365 708 3428 esse,
741 3346 825 3406 llanc
840 3365 880 3407 ex
896 3347 950 3426 iis,
978 3365 1057 3426 quae
1073 3344 1252 3408 Aristotcles
1268 3333 1352 3402 Probl·

281 3452 332 3511 IX.
363 3455 391 3512 6.
433 3450 613 3512 Plutarchus
643 3449 681 3512 de
712 3450 830 3511 musica
860 3469 890 3530 p.
913 3451 1006 3532 4440.
1032 3449 1063 3510 F.
1092 3458 1123 3511 et
1150 3449 1243 3510 4444.
1268 3442 1302 3508 Α.
1332 3443 1354 3497 el

285 3551 454 3646 Hesychius
470 3555 501 3614 in
517 3540 684 3638 καταλογὴ
700 3551 823 3632 dieunt,
844 3571 942 3633 genus
958 3551 1088 3614 canendi
1104 3551 1182 3616 illud
1197 3553 1260 3615 lero
1275 3547 1356 3610 luisse

281 3655 468 3734 colligimus,
489 3655 573 3735 quod
588 3655 677 3717 hodie
693 3658 887 3718 recitativum
903 3666 1028 3721 vocant:
1055 3655 1138 3736 quod
1154 3658 1296 3737 quoniam
1310 3664 1354 3708 ⁵⁰·

281 3760 422 3822 lutiorem
446 3757 539 3820 habet
560 3779 737 3840 compagem
761 3779 979 3840 numerorum,
1011 3760 1168 3838 aptissime
1198 3757 1286 3822 modo
1310 3762 1356 3830 pel

220 3902 224 3913 »
281 3864 429 3925 incertam
457 3860 541 3924 illam
563 3861 706 3927 brevium
729 3864 921 3945 syllabarum
944 3861 1176 3944 titubationem,
1204 3859 1289 3925 modo
1309 3865 1355 3935 per

281 3966 396 4028 lentam
412 3966 623 4028 remissionem
644 3968 765 4028 numeri
782 3967 950 4028 dochmiaci
971 3968 1003 4027 in
1019 3969 1136 4029 exitum
1153 3966 1351 4049 spondiacus

282 4069 371 4131 modo
393 4070 485 4129 etiam
498 4063 565 4147 'por
587 4069 763 4130 instabilem
786 4069 899 4149 dactyli
921 4070 1093 4131 trochaoivo
1118 4081 1189 4132 ante
1213 4061 1352 4132 doohnios

281 4175 435 4234 incessum
453 4173 645 4253 exprimitur.
680 4173 719 4234 Et
741 4172 933 4250 dactylorum
949 4151 1126 4254 exemplum
1142 4175 1173 4234 in
1190 4171 1292 4253 primis
1306 4179 1353 4224 ac*

283 4275 511 4340 oommodatum
541 4269 589 4340 est
618 4273 827 4339 ostendendae
858 4296 897 4338 ex
926 4277 1022 4342 firmis
1053 4279 1206 4358 certisque
1233 4262 1352 4339 numeris
