2922 4948
452 375 488 416 nr
504 373 556 416 vsv
571 373 843 418 inrrsruornmvu.
1131 353 1192 418 237

191 525 307 607 5643.
336 531 413 591 Turn
433 519 727 612 παλινῳδικά,
752 529 808 588 hac
825 528 938 588 forma:
961 527 1010 589 A.
1028 527 1067 588 Β.
1087 527 1126 588 Β.
1147 523 1190 588 A.

103 633 191 706 Quae
208 621 464 695 ἀντιθετικὰ
487 641 651 712 vocantur,
678 633 703 692 si
728 649 788 692 non
813 633 971 711 strophae,
1003 629 1061 692 sed
1083 631 1195 710 singuli

105 753 216 796 versus
232 735 290 796 sihi
307 734 498 815 respondent
512 736 570 797 isto
586 733 693 815 modo,
713 744 749 796 ut
764 736 807 796 a'.
825 735 868 815 β’.
884 729 921 816 y'.
938 729 974 818 γ’,
990 727 1032 814 Β.
1049 736 1092 795 n‘.

191 940 308 1024 5644.
336 942 453 1005 Deinde
469 938 715 1028 πιριῳδικοὶ,
733 943 790 1004 hac
805 943 919 1004 forma:
940 943 982 1008 A.
999 941 1041 1005 Β.
1057 942 1096 1004 Β.
1115 943 1150 1004 Γ.

193 1148 310 1231 5645.
337 1145 594 1231 Deniqueunrd
617 1146 857 1235 περικοπὴν
880 1141 1190 1235 ἀνομοιομερῆ,

103 1257 162 1316 hoc
179 1255 285 1318 modo:
304 1253 353 1316 A.
372 1254 412 1316 Β.
427 1253 476 1318 A.
492 1255 531 1316 Β.

191 1459 304 1544 §oto
332 1457 658 1542 Hisadduntptmd
674 1456 776 1526 κατὰ
800 1457 959 1542 σχέσιν,
976 1482 1072 1542 quum
1085 1461 1195 1524 diver-

104 1587 158 1628 sae
170 1587 210 1628 ex
225 1569 278 1646 iis,
298 1586 376 1647 quas
392 1567 568 1653 attulimus,
589 1566 703 1628 formae
719 1568 899 1628 coniunctae
914 1574 997 1646 sunt,
1018 1576 1053 1629 ut
1067 1565 1193 1648 epodica

103 1668 1283 1758 mmMQMmmARARmffimmmffi-·

103 1773 671 1854 mmmAnrARRA

191 1979 305 2062 5647.
332 1976 508 2045 Etnotvd
529 1977 632 2046 κατὰ
656 1976 817 2062 σχέσιν,
834 2001 914 2062 quae
926 1981 1069 2061 pluribus
1080 2001 1194 2064 perae·-

103 2107 167 2166 que
185 2087 292 2147 horum
317 2106 464 2166 generum
484 2086 681 2149 adnumerari
705 2096 849 2166 possunt:
877 2087 977 2166 qualia
1002 2095 1091 2166 sunt,
1115 2105 1194 2166 quae

104 2191 255 2252 dicuntur
269 2183 355 2252 nord
371 2184 558 2276 περικοπὴν
573 2179 809 2275 ἀνομοιομερῆ,
825 2191 873 2251 A.
893 2191 932 2253 Β.
969 2187 1001 2250 4.
1020 2191 1057 2251 Β.
1078 2191 1153 2252 Nam
1169 2173 1211 2252 si*

103 2299 152 2356 A.
171 2295 211 2356 Β.
238 2296 270 2356 in
286 2313 380 2356 unam
403 2295 560 2374 stropham
578 2294 613 2354 Γ.
635 2294 847 2374 coniunxeris,
873 2293 1004 2356 habebis
1019 2303 1196 2356 monostro-

103 2397 307 2479 mmssfl

192 2585 309 2671 §648
343 2589 468 2652 Nullum
495 2597 543 2650 est
565 2589 675 2650 horum
700 2607 867 2668 generum,
894 2591 983 2652 cuius
1008 2608 1070 2650 non
1099 2589 1193 2652 muita

104 2691 196 2754 hodie
212 2712 337 2773 quoque
352 2693 494 2775 exempla
510 2693 677 2774 supersint.
712 2691 774 2754 Sed
789 2693 962 2754 rarissimae
984 2704 1058 2754 sunt
1079 2686 1197 2774 τετρὰς

103 2808 134 2858 et
151 2790 275 2872 πεντὰς
291 2787 452 2882 ἒπῳόική.
483 2789 588 2877 rotie
602 2814 675 2858 vero
691 2798 890 2858 usitatissima
906 2807 963 2876 est,
983 2798 1064 2858 utin
1080 2797 1196 2876 pleris-

103 2921 167 2980 que
188 2899 311 2962 Pindari
334 2900 522 2962 carminibus
543 2909 574 2960 ct
597 2899 773 2962 Simonidis.
813 2893 1080 2986 Μονοσιροφικά
1100 2900 1195 2980 lyrica

104 3006 240 3066 maxime
256 3005 357 3086 poesis
373 3003 581 3085 antiquiorum
605 3005 827 3085 frequentavit,
854 3023 932 3086 quos
954 3005 1052 3068 secuti
1068 3005 1195 3066 Romani

104 3118 223 3190 poetae.
265 3105 381 3169 Eadem
413 3107 577 3188 lyricorum
608 3117 692 3170 aetas
722 3110 815 3170 etiam
846 3109 941 3170 multa
971 3101 1057 3170 κατὰ
1084 3098 1196 3186 στίχον

104 3213 246 3292 scripsit,
274 3229 335 3292 quo
359 3213 390 3272 in
413 3229 525 3291 genere
546 3211 729 3274 brevissima
753 3212 879 3272 forsitan
895 3211 991 3273 [orma
1007 3220 1073 3290 est,
1100 3230 1194 3290 quam

104 3317 246 3397 Sappho,
267 3315 448 3376 Terentiano
464 3317 568 3376 Mauro
585 3325 662 3376 teste
678 3333 747 3396 pag.
768 3317 862 3376 2434.
882 3335 912 3377 v.
933 3314 1028 3376 ttae.
1047 3331 1135 3394 seqq.
1155 3333 1194 3374 ex

104 3419 249 3481 versibus
264 3415 390 3480 Adoniis
407 3419 586 3498 composuit.
620 3418 854 3498 Monostrophici
873 3419 1017 3480 carminis
1032 3415 1110 3480 duas
1127 3415 1194 3478 for-

106 3523 308 3586 mashicman
325 3541 387 3585 uno
403 3523 538 3583 carmine
553 3523 721 3602 coniunxit,
741 3532 860 3604 septem
876 3523 1009 3604 strophis
1025 3521 1106 3583 idem
1122 3541 1194 3584 me-

105 3639 186 3690 trum
205 3625 393 3688 habentibus
409 3627 485 3688 alias
503 3634 623 3706 septem
639 3626 698 3688 alio
712 3635 825 3706 metro,
851 3625 909 3688 sed
924 3626 980 3687 has
995 3644 1118 3706 quoque
1135 3623 1193 3686 sihi

105 3750 212 3792 omnes
228 3748 319 3810 pares
334 3729 517 3809 subiiciens,
537 3739 572 3792 ut
587 3731 681 3792 refert
696 3731 879 3811 Hephaestio
894 3750 925 3811 p.
938 3728 977 3792 74
999 3732 1022 3807 (4
1032 3727 1096 3812 34).

190 3953 308 4040 5649.
342 3956 459 4035 Tragici
487 3955 672 4036 pierumque
694 3958 727 4018 in
750 3957 879 4018 choricis
902 3955 1091 4018 carminibus
1113 3954 1193 4018 duas

106 4072 224 4125 tantum
242 4060 352 4122 eodem
368 4069 466 4122 metro
485 4060 627 4140 strophas
648 4070 785 4142 ponunt,
812 4059 925 4122 deinde
941 4059 1020 4122 duas
1043 4059 1118 4120 alias
1134 4059 1193 4122 alio

106 4177 211 4244 metro,
231 4175 263 4226 et
278 4166 322 4226 sic
337 4164 480 4243 amplius.
507 4163 666 4226 Interdum
682 4164 729 4225 his
745 4163 878 4244 epodum
895 4183 988 4227 unam
1005 4163 1055 4224 vel
1070 4163 1102 4223 in
1119 4165 1188 4242 fine,

104 4272 150 4331 vel
166 4273 199 4332 in
215 4267 319 4330 medio
330 4269 465 4330 carmine
476 4265 607 4330 addunt.
636 4268 698 4328 Hoc
711 4266 800 4328 modo
812 4269 878 4328 sine
894 4266 1010 4347 epodo:
1030 4269 1073 4328 α’.
1091 4259 1132 4328 α’.
1145 4260 1188 4346 ff.
