2922 4948
277 347 339 408 204
675 359 730 402 ιιι.
752 359 795 400 ιιι.
815 357 960 399 elP.x111.

277 528 386 582 natura
408 517 515 596 exigit,
541 523 623 576 recte
644 513 735 576 etiam
758 509 985 573 diversissimae
1007 507 1207 589 longitudinis
1224 505 1364 568 membra

276 621 473 703 copdantur:
498 625 533 682 ut
548 620 579 678 in
594 615 739 695 Aeschyli
754 615 851 676 Prom.
874 618 945 676 l83.

362 741 413 826 πᾷ
435 733 520 802 ποτὲ
541 733 645 800 τῶνδε
666 729 778 801 πόνων

363 837 423 930 χρή
447 861 484 907 σε
506 835 611 924 τέρμα
633 834 707 904 att-

363 937 453 1012 σαντ’
476 941 610 1022 ἒςιδεῖν·
640 933 781 1030 ἀκίχητα
803 937 864 1028 γὰρ
886 932 978 1028 ἤθεα
1000 940 1058 1008 καὶ
1080 939 1160 1026 κέαρ
1184 933 1364 1026 ἀπαράμυ-

728 1049 794 1110 θον
816 1039 884 1127 ἔχει
909 1042 1038 1130 Κρόνου
1060 1047 1155 1136 παῖς.

363 1255 478 1340 §562
511 1262 561 1322 De
576 1257 754 1338 pondere
775 1276 841 1338 cap.
861 1275 926 1336 seq.
948 1259 1075 1320 seorsim
1092 1255 1221 1319 dicetur.
1250 1255 1312 1318 Sed
1326 1255 1363 1316 ad

278 1353 540 1444 melopoeiam
561 1363 695 1443 pertinet
716 1370 747 1422 et
768 1361 1056 1440 paraeataloge
1082 1358 1121 1421 de
1145 1379 1209 1441 qua
1235 1359 1366 1422 dictum

278 1466 314 1550 ἓξ
333 1469 382 1528 53.
403 1467 475 1530 268.
495 1474 526 1528 et
544 1484 680 1547 pausa,
699 1463 738 1526 de
754 1484 815 1544 qua
831 1462 867 1546 ᾗῇ
885 1465 935 1526 52.
955 1474 987 1526 et
1002 1466 1073 1525 599.

699 1835 811 1905 cAP.
831 1835 944 1904 xm.

349 1991 406 2060 De
433 1989 600 2073 orthio,
629 1988 845 2059 trochaeo
872 1996 1090 2072 semente,
1119 2009 1290 2080 paeone

724 2109 917 2204 epibato.

364 2277 479 2361 5563.
517 2280 623 2342 Musici
651 2299 827 2342 mensuram
848 2289 1022 2360 temporum
1044 2277 1178 2341 subinde
1202 2282 1252 2342 vel
1274 2299 1359 2344 aoce-

279 2385 434 2464 lerabant,
461 2383 510 2446 vel
530 2382 710 2463 tardabant,
737 2403 817 2464 quae
839 2384 916 2446 ratio
938 2371 1049 2468 ἀγωγὴ
1072 2381 1256 2445 vocabatur:
1284 2383 1358 2446 unde

278 2490 359 2552 idem
375 2508 430 2570 pes
446 2488 518 2549 alibi
534 2487 629 2549 multo
645 2486 786 2565 brevior,
813 2486 885 2548 alibi
908 2485 1004 2548 multo
1025 2485 1140 2548 tardior
1159 2496 1249 2547 erat:
1270 2487 1358 2548 Prae-

278 2604 361 2656 terea
385 2612 457 2654 vero
480 2593 572 2654 etiam
597 2592 750 2654 mensuris
771 2589 938 2652 utebantur
958 2590 1100 2669 pluribus
1126 2609 1221 2671 quam
1248 2591 1358 2653 metrici

284 2698 323 2781 (v.
343 2695 360 2780 §
378 2695 465 2778 tul:
491 2696 523 2757 in
546 2714 608 2776 quo
628 2714 739 2776 genere
760 2693 975 2756 memorabiles
995 2701 1069 2756 sunt
1088 2694 1184 2774 pedes
1205 2696 1357 2757 orthius

279 2810 310 2862 et
339 2799 556 2862 trochaeus
586 2808 808 2878 semantus,
846 2817 979 2878 quorum
1008 2807 1140 2880 uterque
1170 2817 1211 2860 ex
1240 2797 1356 2862 duabus

278 2901 428 2984 partibus,
451 2922 514 2964 una
530 2911 685 2983 quattuor,
710 2902 804 2964 altera
820 2911 885 2964 octo
902 2909 1075 2982 temporum
1091 2902 1261 2983 constabat,
1287 2903 1355 2966 bre-

281 3007 362 3068 viore
378 3014 465 3086 parte
480 3007 512 3066 in
534 3007 657 3068 orthio
676 3004 893 3088 praecedente,
920 3007 952 3067 in
973 3006 1162 3068 trochaeo
1183 3017 1355 3070 semanto

278 3118 444 3190 sequente:
471 3108 556 3171 unde
579 3110 645 3190 hio,
670 3117 706 3171 ut
726 3110 828 3190 ipsum
844 3129 956 3172 nomeu
977 3108 1105 3189 indicat,
1131 3111 1287 3192 trochaeo,
1312 3111 1355 3173 ille

279 3223 383 3278 autem
399 3212 500 3275 iambo
516 3202 624 3276 similis
639 3225 695 3276 est.

363 3418 483 3502 §564
522 3423 582 3484 Hos
608 3421 705 3503 pedes
727 3422 785 3483 etsi
808 3422 944 3501 metrici,
975 3423 1028 3504 qui
1051 3423 1147 3486 solam
1174 3423 1353 3501 syllabarum

278 3545 455 3588 mensuram
478 3527 660 3607 respiciunt,
687 3525 761 3586 nihil
778 3535 901 3606 curant,
928 3535 1030 3588 tamen
1054 3536 1101 3588 est
1124 3526 1177 3590 ubi
1200 3539 1353 3608 usurpatos

277 3648 329 3690 eos
345 3647 413 3690 esse
430 3630 496 3709 ipsa
513 3649 659 3692 versuum
682 3630 758 3712 ¹ratio
781 3639 937 3691 monstret.
972 3632 1048 3692 Nam
1064 3636 1166 3712 quum
1178 3633 1209 3692 in
1226 3632 1351 3712 quibus-

240 3717 243 3723 ’
278 3732 348 3794 dam
365 3732 566 3812 ,stropharum
588 3733 753 3812 generibus
774 3753 856 3796 unus
872 3733 973 3797 duove
989 3733 1118 3814 spondei
1140 3736 1181 3798 ita
1203 3737 1293 3814 positi
1306 3753 1352 3796 re-

165 3823 169 3830 *
277 3837 451 3916 periantur,
479 3844 529 3914 ut,
555 3837 582 3898 si
597 3855 790 3898 communem
810 3857 987 3900 mensuram
1003 3838 1152 3918 habeant,
1178 3841 1352 3922 comparatio

216 3992 220 4000 .
278 3939 487 4002 membrorum
503 3939 552 4000 vel
566 3941 716 4020 insolens,
741 3942 791 4003 vel
807 3943 898 4004 etiam
914 3942 1017 4022 inepta
1032 3943 1174 4021 exsistat,
1203 3963 1351 4024 quumque

277 4063 329 4106 eos
352 4043 504 4124 spondeos
525 4043 587 4105 lere
611 4045 642 4104 iu
658 4043 816 4108 vocabulis
839 4047 929 4108 etiam
953 4045 993 4107 ad
1016 4065 1142 4114 sensum
1164 4048 1307 4127 gravibus
1326 4057 1351 4108 ct

278 4167 418 4228 magnam
447 4149 508 4210 vim
534 4147 722 4210 habentibus
745 4148 886 4212 adhiberi
912 4149 1091 4213 videamus:
1123 4162 1350 4214 consentancum

278 4259 340 4330 est,
366 4253 559 4333 existimare,
585 4271 647 4314 non
661 4270 729 4316 esse
748 4271 800 4316 eos
817 4253 958 4334 vidgares
973 4253 1127 4334 spondeos
1142 4262 1349 4335 quaternorum
