2896 4960
296 367 333 408 uu
348 367 574 409 uiniuaeouicis
590 367 720 420 irrisore
736 365 927 410 nonnionnus
944 367 1077 410 urueurs.
1173 349 1228 410 161

557 613 670 685 cAP.
687 615 814 684 XLII.

194 765 254 834 De
289 767 635 860 parapaeonicis
670 769 862 859 aliisque
897 767 1179 858 longioribus

573 876 789 959 numems

134 1137 137 1143 Ι
228 1053 344 1136 5453.
380 1059 542 1138 Longiores
564 1059 736 1139 paeonibus
757 1077 903 1120 numeros
926 1061 951 1120 si
974 1077 1034 1120 non
1060 1068 1230 1121 memorant

141 1162 276 1240 metrici,
297 1162 369 1223 nihil
388 1164 516 1241 mirum,
539 1165 642 1242 utqui
658 1181 765 1224 omnes
781 1180 926 1223 numeros
942 1163 1154 1224 usitatioribus
1170 1164 1230 1224 illis

139 1265 325 1346 generibus,
350 1265 389 1328 de
405 1265 520 1345 quibus
535 1267 720 1346 explicatum
737 1275 801 1346 est,
824 1265 1083 1344 comprehendere
1098 1267 1225 1346 soleant,

138 1368 272 1449 dipodiis
296 1369 414 1451 ubique
435 1371 618 1432 constitutis.
653 1369 715 1432 Sed
737 1371 794 1430 etsi
815 1380 915 1430 certae
937 1389 973 1431 ac
996 1369 1121 1430 stabiles
1134 1387 1229 1448 para-

138 1475 356 1552 paeonicorum
369 1475 562 1556 aliorumque
570 1475 740 1552 longiorum
750 1472 893 1534 ordinum
904 1472 1018 1534 lormao
1030 1492 1090 1534 non
1099 1483 1230 1554 possunt

138 1578 179 1637 ita
196 1577 336 1658 prolerri,
354 1587 390 1640 ut
405 1587 626 1658 extorquentur
639 1579 776 1638 assensio
791 1576 1022 1657 dubitantibus,
1050 1587 1151 1638 tamen
1167 1595 1228 1638 ne-

138 1700 201 1760 que
217 1683 293 1742 ratio
308 1680 416 1744 idonea
432 1691 578 1763 apparet,
605 1700 701 1761 quare
724 1681 900 1742 huiusmodi
923 1701 1068 1742 numeros
1084 1701 1144 1744 non
1160 1701 1228 1743 esse

139 1796 307 1864 usurpatos
323 1795 507 1866 statuamus,
526 1795 556 1847 et
567 1805 625 1866 par
639 1793 687 1846 est
698 1797 863 1865 usurpatos
876 1762 969 1864 erudi,
985 1784 1153 1847 dummodo
1164 1787 1227 1864 npti

137 1900 319 1968 argumento
341 1901 453 1953 essent.
489 1893 527 1952 Vt
550 1892 580 1950 in
605 1889 817 1968 Aristophanis
834 1889 1002 1968 Tagenistis
1025 1889 1108 1970 apud
1128 1888 1227 1950 nine-

138 2013 251 2054 naeum
269 1996 316 2054 lll.
336 2015 367 2076 p.
388 1998 440 2056 96.
475 1997 509 2058 C.
529 1995 582 2056 ubi
600 1994 655 2055 hoc
672 2002 804 2055 metrum
820 1994 992 2054 invenitur:

223 2115 667 2166 wooeMwmess

225 2212 300 2294 ἅλις
312 2211 426 2308 ἀφυής
445 2240 515 2300 μοι.
541 2212 780 2304 παρατέταμαι
802 2213 863 2302 γὰρ
879 2213 920 2282 τὰ
936 2211 1064 2299 λιπαρὰ
1080 2209 1225 2278 κάπτων.

138 2361 321 2439 Sequuntur
336 2361 379 2421 ibi
395 2362 516 2424 Cretici.
551 2357 643 2439 Apud
659 2358 822 2420 Pindarum
838 2359 924 2446 Pylii.
946 2359 979 2418 ll.

223 2475 469 2566 μεγαλοπόλιες
490 2468 517 2542 ὦ
538 2475 747 2562 Συράκοσαι,
768 2473 1012 2559 βαθυπολέμου

223 2580 360 2664 τέμενος
378 2574 512 2668 Ἄρεος,
536 2575 674 2670 ἀνδρῶν,

138 2745 201 2786 nou
218 2725 413 2805 intelligitur,
433 2743 490 2786 cur
504 2727 548 2786 sic
563 2725 666 2804 potius
682 2719 827 2782 metiendi
843 2723 905 2782 sint
918 2721 1049 2796 numeri,

136 3109 244 3171 quarn,
264 3090 317 3168 qui
334 3088 430 3150 multo
445 3087 606 3148 alacriores
621 3095 653 3148 et
667 3087 913 3149 vehementiores
927 3094 1011 3164 sunt,

225 3205 623 3256 ωιΛνυα-’.υ-υέυυυυ-

224 3312 421 3360 υυυέυυ-..

135 3421 176 3480 Ει
191 3417 295 3498 paullo
311 3425 397 3496 post:

224 3527 413 3620 εὐάρματος
431 3526 597 3619 Ἱέρωνγὲν
618 3519 640 3618 ᾇ
662 3526 808 3613 κρατέων

224 3633 419 3726 τηλαυγέσιν
441 3627 598 3722 ἀνέδησεν
619 3626 788 3720 Ὀρτυγίαν
809 3629 997 3720 στεφάνοις,

225 3734 399 3823 ποταμίας
420 3734 497 3814 ἕδος
514 3731 717 3823 Ἀρτέμιδος,
741 3726 782 3814 ἇς
803 3729 864 3800 οὐκ
886 3727 976 3822 ἄτερ.

135 3885 221 3956 Quos
237 3883 278 3944 ita
294 3880 538 3944 describentem:

224 3984 509 4065 ‚Lw’l‘ru-va.

223 4105 582 4186 -Lec'oo.o.w.w.

222 4226 541 4307 ὢυζωΑᾟα-έυ
550 4293 570 4299 -

188 4378 307 4420 Hermanni
316 4377 417 4428 epitome
427 4375 497 4416 doctr.
510 4375 622 4416 παλήσειε.
