2930 4962
270 341 310 400 10
685 358 741 400 ma.
760 360 781 400 r.
809 359 871 404 car.
891 359 929 400 rr.

351 508 445 592 528.
479 513 726 592 Necrapugnat,
757 512 877 574 theticis
895 505 1092 592 temporibus
1115 514 1259 574 maiorem
1282 530 1346 573 esse

265 615 358 677 arsin.
392 617 494 677 Potest
508 617 590 676 enim
606 617 646 677 ita
663 624 836 696 comparata
852 634 931 694 esse,
957 624 992 678 ut
1007 634 1068 677 non
1084 623 1156 696 tota,
1175 616 1232 678 sed
1247 617 1346 696 aliqua

265 728 385 780 tantum
408 727 495 798 parte
511 737 568 780 sua
584 719 684 781 thesin
699 728 851 798 procreet:
878 738 958 799 quac
979 737 1051 800 pars
1072 720 1195 781 omniuo
1209 739 1266 801 par
1280 737 1346 780 esse

265 821 385 884 theticis
400 821 591 901 temporibus
607 821 711 899 debet,
730 821 787 884 boc
802 821 908 884 modo:

351 923 410 1006 Lv,
479 922 564 1006 va,
633 924 734 972 έυυυ

349 1081 410 1125 vv
489 1083 550 1127 ύυ
657 1081 717 1126 &v

263 1185 313 1246 Sic
328 1183 423 1246 moles
440 1186 571 1263 minore,
599 1204 693 1266 quam
709 1203 787 1264 opus
809 1194 871 1262 est,
898 1181 1099 1246 fundamento
1122 1187 1267 1247 sustineri
1288 1204 1347 1245 ne-

262 1288 344 1368 quit:
365 1289 489 1367 maiore,
508 1307 601 1368 quam
618 1307 697 1370 opus
712 1298 769 1368 est,
789 1296 871 1349 recte
886 1289 1066 1350 sustinetur.

702 1639 815 1710 OAP.
834 1640 904 1709 IV.

623 1789 689 1860 De
725 1813 982 1863 mensura.

347 1957 439 2041 §22
472 1963 645 2022 Mensuram
662 1959 792 2022 dicimus
807 1970 980 2042 temporum
996 1963 1076 2022 inter
1090 1980 1124 2023 se
1140 1962 1346 2044 comparatio-

260 2083 332 2126 nem
348 2064 414 2125 sine
430 2083 568 2126 numero.
602 2061 646 2124 hc
661 2066 779 2126 metrici
795 2065 919 2128 duabus
935 2073 1055 2126 tantum
1072 2067 1225 2128 mensuris
1246 2076 1346 2128 utun-

261 2177 321 2247 tur,
340 2167 480 2248 simplici,
500 2186 594 2247 quam
610 2168 717 2229 Graeci
732 2164 848 2252 χρόνον
863 2178 894 2230 et
909 2167 1055 2252 σημεῖον,
1075 2169 1173 2230 Latini
1189 2180 1345 2249 tempus

260 2280 291 2333 et
312 2289 458 2332 moram
482 2278 606 2349 vocant,
633 2281 664 2332 et
679 2270 803 2352 duplici.
837 2273 948 2334 Musici
958 2280 1077 2334 veteres
1093 2274 1184 2334 etiam
1201 2272 1345 2353 quadru-

258 2375 330 2453 plici
347 2383 378 2436 et
392 2375 536 2455 octuplici
552 2393 695 2437 mensura
713 2374 894 2437 utebantur:
914 2395 943 2436 v.
959 2373 1083 2436 hristid.
1100 2377 1226 2448 Quintil.
1243 2395 1275 2455 p.
1292 2370 1346 2436 36!

259 2479 364 2540 Plures
385 2481 477 2540 etiam
497 2495 658 2541 mensuras
681 2477 827 2540 hodierna
850 2479 936 2540 novit
956 2480 1083 2542 musica.
1117 2480 1161 2540 Dc
1183 2479 1295 2560 triplici
1315 2479 1345 2539 in

261 2579 774 2664 metrisdicetur§§t99.ettth.
960 2607 973 2646 ο
1013 2592 1015 2596 ‘

318 2849 327 2870 ,
344 2789 368 2870 ξ
383 2785 437 2852 30.
470 2791 526 2851 Pes
547 2791 672 2851 musicis
695 2798 726 2850 et
741 2789 938 2868 rhythmicis,
965 2790 1149 2870 plerumque
1165 2793 1258 2852 etiarn
1275 2810 1344 2851 me-

258 2893 359 2970 tricis,
386 2893 427 2952 ita
451 2890 578 2972 dicitur,
604 2900 639 2953 ut
661 2893 752 2953 etiam
775 2887 940 2954 numerum
962 2902 1110 2973 spectent.
1150 2896 1209 2956 Nos
1231 2894 1343 2975 pedem

259 3011 404 3057 vocamus
420 3003 534 3056 certam
549 3004 722 3076 temporum
739 2995 988 3073 compositionem
1004 2998 1070 3058 sine
1086 3016 1224 3059 numero.

342 3201 366 3282 ἓ
381 3199 435 3266 31.
462 3203 656 3263 Vsitatissimi
671 3201 767 3283 pedes
782 3202 813 3262 hi
828 3213 917 3264 sunt:
936 3183 1082 3282 bisyllabi
1098 3215 1261 3285 quattuor:

342 3317 394 3350 W
409 3305 673 3386 pyrrhichius,
734 3303 743 3318 '

344 3444 386 3453 —-
409 3407 632 3489 spondeus,

342 3528 389 3558 o-
411 3511 590 3591 iambus,

342 3629 389 3660 -υ
405 3615 645 3695 ,trochaeum
665 3615 820 3679 interdum
837 3617 1029 3695 choreus;

256 3719 407 3798 trisyllabi
422 3727 506 3780 octo:

340 3835 417 3868 wo
432 3821 684 3901 tribrachys,
704 3825 769 3884 sive
785 3824 976 3904 choreus,

341 3959 406 3974 -·--
431 3925 645 4004 MolossuS,

340 4041 413 4076 w·
435 4038 704 4110 anapaestus,

341 4146 414 4178 -w
436 4131 641 4212 dactyluS,

338 4249 413 4282 ω
432 4231 758 4318 amphibrachyS,
